@article{Peerlings19963391,
	author = {Peerlings, R. H. J. and de Borst, R. and Brekelmans, W. A. M. and de Vree, J. H. P.},
	title = {GRADIENT ENHANCED DAMAGE FOR QUASI-BRITTLE MATERIALS},
	journal = {International Journal for Numerical Methods in Engineering},
	volume = {39},
	number = {19},
	pages = {3391--3403},
	keywords = {continuum damage mechanics, localization, gradient dependence, finite element method}
}

@article{ShWuWa16,
title = "Universal meshes for a branched crack ",
journal = "Finite Elements in Analysis and Design ",
volume = "129",
number = "",
pages = "53--62",
year = "2017",
note = "",
issn = "0168-874X",
author = "Yongxing Shen and Can Wu and Yang Wan",
keywords = "Branched crack",
keywords = "Universal meshes",
keywords = "Conforming mesh",
keywords = "Mesh deformation "
}

@article {ChShLe16,
author = {Chiaramonte, Maurizio M. and Shen, Yongxing and Lew, Adrian J.},
title = {Mapped finite element methods: High-order approximations of problems on domains with cracks and corners},
journal = {International Journal for Numerical Methods in Engineering},
issn = {1097-0207},
url = {http://dx.doi.org/10.1002/nme.5486},
keywords = {solid, crack problem, re-entrant corner, singularity},
year = {2016},
note = {nme.5486},
}

@article{zhang2005propagation,
  title={Propagation of a hydraulic fracture parallel to a free surface},
  author={Zhang, X and Jeffrey, RG and Detournay, E},
  journal={International Journal for Numerical and Analytical Methods in Geomechanics},
  volume={29},
  number={13},
  pages={1317--1340},
  year={2005},
  publisher={Wiley Online Library}
}
	
@article{Shen201417,
title = "A variational inequality formulation to incorporate the fluid lag in fluid-driven fracture propagation ",
journal = "Computer Methods in Applied Mechanics and Engineering ",
volume = "272",
number = "",
pages = "17--33",
year = "2014",
note = "",
issn = "0045-7825",
author = "Yongxing Shen",
}

@article{medlin1984laboratory,
  title={Laboratory experiments in fracture propagation},
  author={Medlin, W. L. and Mass\'{e}, L.},
  journal={Society of Petroleum Engineers Journal},
  volume={24},
  number={3},
  pages={256--268},
  year={1984},
  publisher={Society of Petroleum Engineers}
}


@inproceedings{van1998analysis,
	title={Analysis of hydraulic fracture closure in laboratory experiments},
	author={Van Dam, D. B. and De Pater, C. J. and Romijn, R.},
	booktitle={SPE/ISRM Rock Mechanics in Petroleum Engineering},
	year={1998},
	organization={Society of Petroleum Engineers},
	pages={365--374}
}

@inproceedings{johnson1991implications,
  title={Implications of recent laboratory experimental results for hydraulic fractures},
  author={Johnson, Edward and Cleary, Michael P},
  booktitle={Low Permeability Reservoirs Symposium},
  year={1991},
  organization={Society of Petroleum Engineers},
  pages={413--428}
}

@inproceedings{BourdinCFRAC13,
	Author = {B. Bourdin and C. Chukwudozie and K. Yoshioka},
	Booktitle = {Computational Modeling of Fracture and Failure of Materials and Structures: Proceedings of CFRAC 2013},
	Date-Added = {2013-09-26 16:56:38 +0200},
	Date-Modified = {2013-09-26 17:03:06 +0200},
	Editor = {M. Jir\'asek and O. Allix and N. Mo\"es and J. Oliver},
	Pages = {180},
	Title = {A Variational Approach to the Numerical Simulation of Hydraulic Fracturing},
	Year = {2013}}

@article{BuiParnes82,
	Author = {H. D. Bui and R. Parnes},
	Date-Added = {2013-09-23 11:40:52 +0200},
	Date-Modified = {2013-09-23 11:41:36 +0200},
	Journal = {International Journal of Engineering Science},
	Number = {11},
	Pages = {1215--1220},
	Title = {A REEXAMINATION OF THE PRESSURE AT THE TIP OF A FLUID-FILLED CRACK},
	Volume = {20},
	Year = {1982}}

@article{Abe76a,
	Author = {H. Ab\'e and T. Mura and L. M. Keer},
	Date-Added = {2013-09-23 09:57:49 +0200},
	Date-Modified = {2013-09-23 09:58:57 +0200},
	Journal = {Journal of Geophysical Research},
	Number = {29},
	Pages = {5335--5340},
	Title = {Growth rate of a penny-shaped crack in hydraulic fracturing of rocks},
	Volume = {81},
	Year = {1976}}


@article{Irzal201329,
	Author = {Faisal Irzal and Joris J. C. Remmers and Jacques M. Huyghe and Ren\'e de Borst},
	Date-Added = {2013-09-04 15:43:34 +0200},
	Date-Modified = {2013-09-26 17:09:19 +0200},
	Issn = {0045-7825},
	Journal = {Computer Methods in Applied Mechanics and Engineering},
	Keywords = {Cohesive zone model},
	Pages = {29--37},
	Title = {A large deformation formulation for fluid flow in a progressively fracturing porous material},
	Volume = {256},
	Year = {2013}}


@article{GoszMoran02,
	Author = {M. Gosz and B. Moran},
	Date-Added = {2013-04-07 12:15:22 +0200},
	Date-Modified = {2013-04-07 12:16:02 +0200},
	Journal = {Engineering Fracture Mechanics},
	Pages = {299--319},
	Title = {An interaction energy integral method for computation of mixed-mode stress intensity factors along non-planar crack fronts in three dimensions},
	Volume = {69},
	Year = {2002}}

@article{Geertsma69,
	Author = {J. Geertsma and F. {de Klerk}},
	Date-Added = {2013-06-10 16:02:54 +0200},
	Date-Modified = {2013-06-10 16:06:55 +0200},
	Journal = {Journal of Petroleum Technology},
	Number = {12},
	Pages = {1571--1581},
	Title = {A Rapid Method of Predicting Width and Extent of Hydraulically Induced Fractures},
	Volume = {21},
	Year = {1969}}

@inproceedings{khristianovic1955,
	Author = {S. A. Khristianovic and Y. P. Zheltov},
	Booktitle = {Fourth World Petroleum Congress Proceedings},
	Date-Added = {2010-12-01 15:22:25 -0800},
	Date-Modified = {2010-12-01 15:26:02 -0800},
	Pages = {579--586},
	Title = {Formation of vertical fractures by means of highly viscous liquid},
	Year = {1955}}

@article{Lecampion07,
	Author = {B. Lecampion and E. Detournay},
	Date-Added = {2010-11-08 17:14:21 -0800},
	Date-Modified = {2010-11-08 17:15:12 -0800},
	Journal = {Computer Methods in Applied Mechanics and Engineering},
	Pages = {4863--4880},
	Title = {An implicit algorithm for the propagation of a hydraulic fracture with a fluid lag},
	Volume = {196},
	Year = {2007}}

@article{Lecampion09,
	Author = {B. Lecampion},
	Date-Added = {2011-03-07 18:09:40 -0800},
	Date-Modified = {2011-03-07 18:10:11 -0800},
	Journal = {Communications in Numerical Methods in Engineering},
	Pages = {121--133},
	Title = {An extended finite element method for hydraulic fracture problems},
	Volume = {25},
	Year = {2009}}

@article{RaChHuShLe14,
author = {Rangarajan, Ramsharan and Chiaramonte, Maurizio M. and Hunsweck, Michael J. and Shen, Yongxing and Lew, Adrian J.},
title = {Simulating curvilinear crack propagation in two dimensions with universal meshes},
journal = {International Journal for Numerical Methods in Engineering},
volume = {102},
number = {3-4},
issn = {1097-0207},
pages = {632--670},
keywords = {hydraulic fracture, meshing, r-adaptivity},
year = {2015}}




@article{Rice72,
	Author = {J. R. Rice},
	Date-Added = {2013-06-01 11:57:12 +0200},
	Date-Modified = {2013-06-01 11:58:22 +0200},
	Journal = {International Journal of Solids and Structures},
	Pages = {751--758},
	Title = {SOME REMARKS ON ELASTIC CRACK-TIP STRESS FIELDS},
	Volume = {8},
	Year = {1972}}

@article{GaragashDetournay05,
	Author = {D. I. Garagash and E. Detournay},
	Date-Added = {2013-05-30 20:32:19 +0200},
	Date-Modified = {2013-05-30 20:34:43 +0200},
	Journal = {Journal of Applied Mechanics},
	Pages = {916--928},
	Title = {Plane-strain propagation of a fluid-driven fracture: Small-toughness solution},
	Volume = {72},
	Year = {2005}}

@article{Detournay04,
	Author = {E. Detournay},
	Date-Added = {2013-05-28 09:18:59 +0200},
	Date-Modified = {2013-05-28 09:22:11 +0200},
	Journal = {International Journal of Geomechanics},
	Pages = {35--45},
	Title = {Propagation Regimes of Fluid-Driven Fractures in Impermeable Rocks},
	Volume = {4},
	Year = {2004}}


@article{Garagash06,
	Author = {D. I. Garagash},
	Date-Added = {2011-03-01 15:40:33 -0800},
	Date-Modified = {2011-03-01 15:41:12 -0800},
	Journal = {International Journal of Solids and Structures},
	Pages = {5811--5835},
	Title = {Propagation of a plane-strain hydraulic fracture with a fluid lag: Early-time solution},
	Volume = {43},
	Year = {2006}}

@article{SpenceSharp85,
	Author = {D. A. Spence and P. Sharp},
	Date-Added = {2011-03-01 15:42:44 -0800},
	Date-Modified = {2013-05-27 10:32:44 +0200},
	Journal = {Proceedings of the Royal Society of London. Series A},
	Number = {1819},
	Pages = {289--313},
	Title = {Self-Similar Solutions for Elastohydrodynamic Cavity Flow},
	Volume = {400},
	Year = {1985}}

@article{DowellJarratt72,
	Author = {M. Dowell and P. Jarratt},
	Date-Added = {2013-05-25 12:29:21 +0200},
	Date-Modified = {2013-05-25 12:32:09 +0200},
	Journal = {BIT Numerical Mathematics},
	Number = {4},
	Pages = {503--508},
	Title = {The "pegasus'' method for computing the root of an equation},
	Volume = {12},
	Year = {1972}}

@article{Ausas09,
	Author = {R. F. Ausas and M. Jai and G. C. Buscaglia},
	Date-Added = {2013-04-22 16:23:05 +0200},
	Date-Modified = {2013-04-22 16:24:17 +0200},
	Journal = {Journal of Tribology},
	Pages = {031702},
	Title = {A mass-conserving algorithm for dynamical lubrication problems with cavitation},
	Volume = {131},
	Year = {2009}}

@book{Crouch83,
	Address = {London},
	Author = {S. L. Crouch and A. M. Starfield},
	Date-Added = {2013-03-30 18:17:31 +0100},
	Date-Modified = {2013-03-30 18:18:12 +0100},
	Publisher = {Allen \& Unwin},
	Title = {Boundary Element Methods in Solid Mechanics},
	Year = {1983}}

@article{Shou95,
	Author = {K. J. Shou and S. L. Crouch},
	Date-Added = {2013-03-30 16:30:34 +0100},
	Date-Modified = {2013-03-30 16:32:09 +0100},
	Journal = {International Journal for Rock Mechanics and Mining Sciences \& Geomechanics Abstracts},
	Pages = {49--55},
	Title = {A Higher Order Displacement Discontinuity Method for Analysis of Crack Problems},
	Volume = {32},
	Year = {1995}}

@book{Wheertman96,
	Address = {New Jersey},
	Author = {J. Wheertman},
	Date-Added = {2013-03-30 16:36:13 +0100},
	Date-Modified = {2013-03-30 16:36:58 +0100},
	Publisher = {World Scientific},
	Title = {Dislocation Based Fracture Mechanics},
	Year = {1996}}

@article{Dong01,
	Author = {C. Y. Dong and C. J. {de Pater}},
	Journal = {Computer Methods in Applied Mechanics and Engineering},
	Pages = {745--760},
	Title = {Numerical implementation of displacement discontinuity method and its application in hydraulic fracturing},
	Volume = {191},
	Year = {2001}}

@book{Kinderlehrer80,
	Address = {New York},
	Author = {David Kinderlehrer and Guido Stampacchia},
	Date-Added = {2013-03-26 23:26:12 +0100},
	Date-Modified = {2013-03-26 23:28:26 +0100},
	Publisher = {Academic Press},
	Title = {An Introduction to Variational Inequalities and Their Applications},
	Year = {1980}}




@article{HuShLe11,
	Author = {M. J. Hunsweck and Y. Shen and A. J. Lew},
	Date-Added = {2011-03-02 16:23:17 -0800},
	Date-Modified = {2013-06-10 23:12:21 +0200},
	Journal = {International Journal for Numerical and Analytical Methods in Geomechanics},
	Number = {9},
	Pages = {993--1015},
	Title = {A finite element approach to the simulation of hydraulic fractures with lag},
	Volume = {37},
	Year = {2013}}



@article{Ioakimidis82,
	Author = {N. I. Ioakimidis},
	Date-Added = {2011-08-17 17:47:10 +0200},
	Date-Modified = {2011-08-17 17:52:24 +0200},
	Journal = {Acta Mechanica},
	Pages = {31--47},
	Title = {Application of finite-part integrals to the singular equations of crack},
	Volume = {45},
	Year = {1982}}



@book{SneddonLowengrub69,
	Address = {New York},
	Author = {I. N. Sneddon and M. Lowengrub},
	Date-Added = {2011-08-17 17:49:45 +0200},
	Date-Modified = {2011-08-17 17:51:03 +0200},
	Publisher = {Wiley},
	Title = {Crack Problems in the Classical Theory of Elasticity},
	Year = {1969}}



@incollection{Sneddon73,
	Address = {Leyden, The Netherlands},
	Author = {I. N. Sneddon},
	Booktitle = {Methods of Analysis and Solutions of Crack Problems: Recent Developments in Fracture Mechanics},
	Date-Added = {2011-09-01 16:09:21 +0200},
	Date-Modified = {2012-04-27 15:24:39 +0200},
	Editor = {G. C. Sih},
	Publisher = {Kluwer},
	Title = {Integral transformation methods},
	Year = {1973}}
	
@book{FacchineiPang03b,
	Address = {New York},
	Author = {F. Facchinei and J.-S. Pang},
	Date-Added = {2012-04-29 22:20:41 +0200},
	Date-Modified = {2012-04-29 22:23:46 +0200},
	Publisher = {Springer},
	Title = {Finite-dimensional Variational Inequalities and Complementarity Problems},
	Volume = {2},
	Year = {2003}}


@book{FacchineiPang03a,
	Address = {New York},
	Author = {F. Facchinei and J.-S. Pang},
	Date-Added = {2012-04-29 22:23:36 +0200},
	Date-Modified = {2012-04-29 22:23:36 +0200},
	Publisher = {Springer},
	Title = {Finite-dimensional Variational Inequalities and Complementarity Problems},
	Volume = {1},
	Year = {2003}}


@article{Crouch76,
	Author = {S. L. Crouch},
	Date-Added = {2011-08-30 09:59:36 +0200},
	Date-Modified = {2011-08-30 10:04:15 +0200},
	Journal = {International Journal for Numerical Methods in Engineering},
	Pages = {301--343},
	Title = {Solution of plane elasticity problems by the displacement discontinuity method. {I}. {I}nfinite body solution},
	Volume = {10},
	Year = {1976}}


@book{NocedalWright99,
	Address = {New York},
	Author = {J. Nocedal and S. J. Wright},
	Date-Added = {2013-01-11 12:02:03 +0100},
	Date-Modified = {2013-01-11 12:03:07 +0100},
	Publisher = {Springer},
	Title = {Numerical Optimization},
	Year = {1999}}

@book{Anderson94,
	Address = {Boca Raton, Florida},
	Author = {T. L. Anderson},
	Date-Added = {2013-03-26 22:27:33 +0100},
	Date-Modified = {2013-03-26 22:41:52 +0100},
	Edition = {2nd},
	Publisher = {CRC Press},
	Title = {Fracture Mechanics: Fundamentals and Applications},
	Year = {1994}}


@article {Advani1997,
author = {Advani, S. H. and Lee, T. S. and Dean, R. H. and Pak, C. K. and Avasthi, J. M.},
title = {CONSEQUENCES OF FLUID LAG IN THREE-DIMENSIONAL HYDRAULIC FRACTURES},
journal = {International Journal for Numerical and Analytical Methods in Geomechanics},
volume = {21},
number = {4},
issn = {1096-9853},
pages = {229--240},
keywords = {hydraulic fracture, fluid lag, excess pressure},
year = {1997}}

@article{Adachi2007739,
title = "Computer simulation of hydraulic fractures ",
journal = "International Journal of Rock Mechanics and Mining Sciences ",
volume = "44",
number = "5",
pages = "739--757",
year = "2007",
note = "",
issn = "1365-1609",
author = "J. Adachi and E. Siebrits and A. Peirce and J. Desroches",
keywords = "Hydraulic fracturing",
keywords = "Numerical models",
keywords = "Computer simulations "
}

@article{garagash2000tip,
  title={The tip region of a fluid-driven fracture in an elastic medium},
  author={Garagash, D and Detournay, E},
  journal={Journal of Applied Mechanics},
  volume={67},
  number={1},
  pages={183--192},
  year={2000},
  publisher={American Society of Mechanical Engineers}
}


@article{Bunger2005299,
title = "Crack tip behavior in near-surface fluid-driven fracture experiments ",
journal = "Comptes Rendus M\'{e}canique ",
volume = "333",
number = "4",
pages = "299 - 304",
year = "2005",
note = "",
issn = "1631-0721",

author = "Andrew P. Bunger and Emmanuel Detournay and Robert G. Jeffrey",
keywords = "Rupture",
keywords = "Hydraulic fracture",
keywords = "Fracture mechanics-clés",
keywords = "Rupture",
keywords = "Fracturation hydraulique",
keywords = "Mécanique de la rupture fragile "
}

@article{Gordeliy2013305,
title = "Coupling schemes for modeling hydraulic fracture propagation using the {XFEM} ",
journal = "Computer Methods in Applied Mechanics and Engineering ",
volume = "253",
number = "",
pages = "305--322",
year = "2013",
note = "",
issn = "0045-7825",
author = "Elizaveta Gordeliy and Anthony Peirce",
keywords = "XFEM",
keywords = "Hydraulic fractures",
keywords = "Free boundary problems "
}


@article {NAG:NAG913,
author = {Gordeliy, E. and Detournay, E.},
title = {A fixed grid algorithm for simulating the propagation of a shallow hydraulic fracture with a fluid lag},
journal = {International Journal for Numerical and Analytical Methods in Geomechanics},
volume = {35},
number = {5},
publisher = {John Wiley & Sons, Ltd.},
issn = {1096-9853},
pages = {602--629},
keywords = {hydraulic fracture, fracture mechanics, level set},
year = {2011},
}


@article {JF1957,
author = {Jakobsson, B.  and Floberg, L. },
title = {The finite journal bearing considering vaporization},
volume = {190},
journal = {Transactions of Chalmers University Technology Goteborg Sweden},
year = {1957},
}


@article{Olsson65,
author = {Olsson, K. O. },
title = {Cavitation in dynamically loaded bearings},
volume = {308},
journal = {Transactions of Chalmers University Technology Goteborg Sweden},
year = {1965}
}

@inproceedings{ElordAdams1975,
author = {Elrod, H. G. and Adams, M. L. },
editor = {D Dowson and M Godet and C M Taylor},
title = {A computer program for cavitation and starvation problems},
booktitle = {Cavitation and Related Phenomena in Lubrication: Proceedings of the First Leeds-Lyon Symposium on Tribology},
year = {1975},
OPTsubtitle = {subtitle},
OPTtitleaddon = {titleaddon},
OPTmaintitle = {maintitle},
OPTmainsubtitle = {mainsubtitle},
OPTmaintitleaddon = {maintitleaddon},
OPTbooksubtitle = {booksubtitle},
OPTbooktitleaddon = {booktitleaddon},
OPTeventtitle = {eventtitle},
OPTeventdate = {eventdate},
OPTvenue = {venue},
OPTlanguage = {language},
OPTvolume = {volume},
OPTpart = {part},
OPTvolumes = {volumes},
OPTseries = {series},
OPTnumber = {number},
OPTnote = {note},
OPTorganization = {organization},
OPTpublisher = {publisher},
OPTlocation = {location},
OPTmonth = {month},
OPTisbn = {isbn},
OPTchapter = {chapter},
pages = {37--42},
OPTaddendum = {addendum},
OPTpubstate = {pubstate},
OPTdoi = {doi},
OPTeprint = {eprint},
OPTeprintclass = {eprintclass},
OPTeprinttype = {eprinttype},
OPTurl = {url},
OPTurldate = {urldate}
}




@article {NME:NME4938,
author = {Chiaramonte, Maurizio M. and Shen, Yongxing and Keer, Leon M. and Lew, Adrian J.},
title = {Computing stress intensity factors for curvilinear cracks},
journal = {International Journal for Numerical Methods in Engineering},
volume = {104},
number = {4},
issn = {1097-0207},
pages = {260--296},
keywords = {Muskhelishvili, hydraulic fracturing, finite element methods},
year = {2015},
}






@article {Ausas,
author = "Ausas, Roberto F. and Jai, Mohammed and Buscaglia, Gustavo C. ",
title ="A Mass-Conserving Algorithm for Dynamical Lubrication Problems With Cavitation",
journal = {ASME, Journal of Tribology},
volume = {131},
number = {3},
pages = { 031702-031702-7},
year = {2009},
}

@article{Buscaglia,
author = "Gustavo C. Buscaglia and Mohamed El Alaoui Talibi and Mohammed Jai",
title = "Mass-conserving cavitation model for dynamical lubrication problems. Part II: Numerical analysis ",
journal = "Mathematics and Computers in Simulation ",
volume = "118",
number = "",
pages = "146 - 162",
year = "2015",
issn = "0378-4754",
}



@article{Buscaglia15-2,
author = "Gustavo C. Buscaglia and Mohamed El Alaoui Talibi and Mohammed Jai",
title = "Mass-conserving cavitation model for dynamical lubrication problems. Part I: Mathematical analysis ",
journal = "Mathematics and Computers in Simulation ",
volume = "118",
number = "",
pages = "130 - 145",
year = "2015",
issn = "0378-4754",
}



@article{Nitzschke2016175,
author={Nitzschke, S. and Woschke, E. and Schmicker, D. and Strackeljan, J.},
title={Regularised cavitation algorithm for use in transient rotordynamic analysis},
journal={International Journal of Mechanical Sciences},
year={2016},
volume={113},
pages={175-183},
document_type={Article},
}


@article{Bayada1983369,
author={Bayada, G. and Chambat, M.},
title={ANALYSIS OF A FREE BOUNDARY PROBLEM IN PARTIAL LUBRICATION.},
journal={Quarterly of Applied Mathematics},
year={1983},
volume={40},
number={4},
pages={369-375},
}


@article{Sneddon1969,
author={IN Sneddon, M Lowengrub},
title={Crack Problems in the Classical Theory of Elasticity},
journal={Wiley, Newyork},
year={1969},

}


@article{Detournay20031,
author={Detournay, E. and Garagash, D. I.},
title={The near-tip region of a fluid-driven fracture propagating in a permeable elastic solid},
journal={Journal of Fluid Mechanics},
year={2003},
number={494},
pages={1-32},
document_type={Article},
source={Scopus},
}


@article{barenblatt1956formation,
  title={On the formation of horizontal cracks in hydraulic fracture of an oil-bearing stratum},
  author={Barenblatt, GI},
  journal={Prikl. Mat. Mech},
  volume={20},
  pages={475--486},
  year={1956}
}


@inproceedings{khristianovic1955formation,
  title={Formation of vertical fractures by means of highly viscous fluids},
  author={Khristianovic, S and Zheltov, Y},
  booktitle={Proc. 4th world petroleum congress, Rome},
  volume={2},
  pages={579--586},
  year={1955}
}


@inproceedings{jeffrey1989combined,
  title={The combined effect of fluid lag and fracture toughness on hydraulic fracture propagation},
  author={Jeffrey, RG and others},
  booktitle={Low Permeability Reservoirs Symposium},
  year={1989},
  organization={Society of Petroleum Engineers}
}



@book{anderson2005fracture,
	title={Fracture mechanics: fundamentals and applications},
	author={Anderson, Ted L and Anderson, TL},
	year={2005},
	publisher={CRC press}
}

@book{sun2012fracture,
	title={Fracture Mechanics},
	author={Sun, CT and Yin, ZH},
	year={2012},
	publisher={Academic Press}
}

@article{griffith1921phenomena,
	title={The phenomena of rupture and flow in solids},
	author={Griffith, Alan A},
	journal={Philosophical transactions of the royal society of london. Series A, containing papers of a mathematical or physical character},
	volume={221},
	pages={163--198},
	year={1921},
	publisher={JSTOR}
}

@article{westergaard1939bearing,
	title={Bearing pressures and cracks},
	author={Westergaard, HM},
	journal={Journal of Applied Mechanics},
	volume={6},
	pages={49--53},
	year={1939},
	publisher={SPIE-THE INTERNATIONAL SOCIETY FOR OPTICAL ENGINEERING}
}

@article{Irwin1956,
	title={Onset of fast crack propagation in high strength steel and aluminum alloys},
	author={Irwin, George R},
	journal={Sagamore Reserach Conference Proceedings},
	volume={2},
	pages={289--305},
	year={1956},
}

@article{irwin1957analysis,
	title={Analysis of stresses and strains near the end of a crack traversing a plate},
	author={Irwin, George R},
	journal={Journal of Applied Mechanics},
	volume={24},
	pages={361--364},
	year={1957},
	publisher={SPIE-THE INTERNATIONAL SOCIETY FOR OPTICAL ENGINEERING}
}
	


@article{williams1957stress,
	title={On the stress distribution at the base of a stationary crack},
	author={Williams, ML},
	journal={Journal of Applied Mechanics},
	volume={24},
	pages={109--114},
	year={1957},
}


@inproceedings{wells1961unstable,
	title={Unstable crack propagation in metals: cleavage and fast fracture},
	author={Wells, A A},
	booktitle={Proceedings of the crack propagation symposium},
	volume={1},
	number={84},
	year={1961}
}

@article{rice1968path,
	title={A path independent integral and the approximate analysis of strain concentration by notches and cracks},
	author={Rice, James R},
	journal={Journal of applied mechanics},
	volume={35},
	number={2},
	pages={379--386},
	year={1968},
	publisher={American Society of Mechanical Engineers}
}
@incollection{begley1972j,
	title={The J integral as a fracture criterion},
	author={Begley, JA and Landes, JD},
	booktitle={Fracture Toughness: Part II},
	year={1972},
	publisher={ASTM International}
}

@article{rangarajan2015simulating,
	title={Simulating curvilinear crack propagation in two dimensions with universal meshes},
	author={Rangarajan, Ramsharan and Chiaramonte, Maurizio M and Hunsweck, Michael J and Shen, Yongxing and Lew, Adrian J},
	journal={International Journal for Numerical Methods in Engineering},
	volume={102},
	number={3-4},
	pages={632--670},
	year={2015},
	publisher={Wiley Online Library}
}

@article{dolbow1999finite,
	title={A finite element method for crack growth without remeshing},
	author={Dolbow, JOHN and Belytschko, Ted},
	journal={International journal for numerical methods in engineering},
	volume={46},
	number={1},
	pages={131--150},
	year={1999}
}

@article{belytschko2009review,
	title={A review of extended/generalized finite element methods for material modeling},
	author={Belytschko, Ted and Gracie, Robert and Ventura, Giulio},
	journal={Modelling and Simulation in Materials Science and Engineering},
	volume={17},
	number={4},
	pages={043001},
	year={2009},
	publisher={IOP Publishing}
}

%Section 1.2
@article{bernstein1910,
	title={Sur la g{\'e}n{\'e}ralisation du probleme de Dirichlet},
	author={Bernstein, Serge},
	journal={Mathematische Annalen},
	volume={69},
	number={1},
	pages={82--136},
	year={1910},
	publisher={Springer}
}

@article{riviere2001priori,
	title={A priori error estimates for finite element methods based on discontinuous approximation spaces for elliptic problems},
	author={Rivi{\`e}re, B{\'e}atrice and Wheeler, Mary F and Girault, Vivette},
	journal={SIAM Journal on Numerical Analysis},
	volume={39},
	number={3},
	pages={902--931},
	year={2001},
	publisher={SIAM}
}
@article{meidner2008priori,
	title={A priori error estimates for space-time finite element discretization of parabolic optimal control problems Part I: Problems without control constraints},
	author={Meidner, Dominik and Vexler, Boris},
	journal={SIAM Journal on Control and Optimization},
	volume={47},
	number={3},
	pages={1150--1177},
	year={2008},
	publisher={SIAM}
}
@article{babuvvska1978error,
	title={Error estimates for adaptive finite element computations},
	author={Babu{\v{s}}ka, I and Rheinboldt, Werner C},
	journal={SIAM Journal on Numerical Analysis},
	volume={15},
	number={4},
	pages={736--754},
	year={1978},
	publisher={SIAM}
}
@article{babuvska1978posteriori,
	title={A-posteriori error estimates for the finite element method},
	author={Babu{\v{s}}ka, Ivo and Rheinboldt, Werner C},
	journal={International Journal for Numerical Methods in Engineering},
	volume={12},
	number={10},
	pages={1597--1615},
	year={1978},
	publisher={Wiley Online Library}
}
@article{szymczak1984adaptivity,
	title={Adaptivity and error estimation for the finite element method applied to convection diffusion problems},
	author={Szymczak, WG and Babu{\v{s}}ka, I},
	journal={SIAM journal on numerical analysis},
	volume={21},
	number={5},
	pages={910--954},
	year={1984},
	publisher={SIAM}
}

@article{verfurth1994posteriori,
	title={A posteriori error estimation and adaptive mesh-refinement techniques},
	author={Verf{\"u}rth, R{\"u}diger},
	journal={Journal of Computational and Applied Mathematics},
	volume={50},
	number={1},
	pages={67--83},
	year={1994},
	publisher={Elsevier}
}

@article{brink1998posteriori,
	title={A posteriori error estimation in large-strain elasticity using equilibrated local Neumann problems},
	author={Brink, Ulrich and Stein, Erwin},
	journal={Computer Methods in Applied Mechanics and Engineering},
	volume={161},
	number={1},
	pages={77--101},
	year={1998},
	publisher={Elsevier}
}
@article{ohnimus2001local,
	title={Local error estimates of FEM for displacements and stresses in linear elasticity by solving local Neumann problems},
	author={Ohnimus, S and Stein, E and Walhorn, E},
	journal={International Journal for Numerical Methods in Engineering},
	volume={52},
	number={7},
	pages={727--746},
	year={2001},
	publisher={Wiley Online Library}
}
@article{gerasimov2015constant,
	title={Constant-free explicit error estimator with sharp upper error bound property for adaptive FE analysis in elasticity and fracture},
	author={Gerasimov, T and Stein, E and Wriggers, P},
	journal={International Journal for Numerical Methods in Engineering},
	volume={101},
	number={2},
	pages={79--126},
	year={2015},
	publisher={Wiley Online Library}
}
@article{zienkiewicz1987simple,
	title={A simple error estimator and adaptive procedure for practical engineerng analysis},
	author={Zienkiewicz, Olgierd C and Zhu, Jian Z},
	journal={International Journal for Numerical Methods in Engineering},
	volume={24},
	number={2},
	pages={337--357},
	year={1987},
	publisher={Wiley Online Library}
}
@article{zienkiewicz1999recovery,
	title={Recovery procedures in error estimation and adaptivity Part I: Adaptivity in linear problems},
	author={Zienkiewicz, OC and Boroomand, B and Zhu, JZ},
	journal={Computer methods in applied mechanics and engineering},
	volume={176},
	number={1},
	pages={111--125},
	year={1999},
	publisher={Elsevier}
}
@book{ladeveze2005mastering,
	title={Mastering calculations in linear and nonlinear mechanics},
	author={Ladev{\`e}ze, Pierre and Pelle, Jean-Pierre and Ling, Frederick F and Gloyna, Ernest F and Hart, William Howard},
	year={2005},
	publisher={Springer}
}

@incollection{burke2010adaptive,
	title={Adaptive finite element approximation of the Francfort--Marigo model of brittle fracture},
	author={Burke, Siobhan and Ortner, Christoph and S{\"u}li, Endre},
	booktitle={Approximation and Computation},
	pages={297--310},
	year={2010},
	publisher={Springer}
}
@article{burke2013adaptive,
	title={An adaptive finite element approximation of a generalized Ambrosio--Tortorelli functional},
	author={Burke, Siobhan and Ortner, Christoph and S{\"u}li, Endre},
	journal={Mathematical Models and Methods in Applied Sciences},
	volume={23},
	number={09},
	pages={1663--1697},
	year={2013},
	publisher={World Scientific}
}

@article{heister2015primal,
	title={A primal-dual active set method and predictor-corrector mesh adaptivity for computing fracture propagation using a phase-field approach},
	author={Heister, Timo and Wheeler, Mary F and Wick, Thomas},
	journal={Computer Methods in Applied Mechanics and Engineering},
	volume={290},
	pages={466--495},
	year={2015},
	publisher={Elsevier}
}

@article{Mosler1,
	title={Variational h-adaption in finite deformation elasticity and plasticity},
	author={Mosler, J and Ortiz, M},
	journal={International Journal for Numerical Methods in Engineering},
	volume={72},
	number={5},
	pages={505--523},
	year={2007},
	publisher={Wiley Online Library}
}


@article{Mosler2,
	title={An error-estimate-free and remapping-free variational mesh refinement and coarsening method for dissipative solids at finite strains},
	author={Mosler, J and Ortiz, M},
	journal={International Journal for Numerical Methods in Engineering},
	volume={77},
	number={3},
	pages={437--450},
	year={2009},
	publisher={Wiley Online Library}
}

@article{Rivara1,
	title={New longest-edge algorithms for the refinement and/or improvement of unstructured triangulations},
	author={Rivara, Mar{\'\i}a Cecilia},
	journal={International journal for numerical methods in Engineering},
	volume={40},
	number={18},
	pages={3313--3324},
	year={1997},
	publisher={Wiley Online Library}
}

@article{Rivara3,
	title={Local modification of meshes for adaptive and/or multigrid finite-element methods},
	author={Rivara, Mar{\'\i}a Cecilia},
	journal={Journal of Computational and Applied Mathematics},
	volume={36},
	number={1},
	pages={79--89},
	year={1991},
	publisher={Elsevier}
}
% Chapter 2
@article{ambati2015review,
	title={A review on phase-field models of brittle fracture and a new fast hybrid formulation},
	author={Ambati, Marreddy and Gerasimov, Tymofiy and De Lorenzis, Laura},
	journal={Computational Mechanics},
	volume={55},
	number={2},
	pages={383--405},
	year={2015},
	publisher={Springer}
}
@book{landau1980statistical,
	title={Statistical Physics},
	author={Landau, Lev Davidovich and Lifshitz, E M},
	year={1980},
	publisher={Pergamon Press, Oxford}
}
@article{karma2001phase,
	title={Phase-field model of mode III dynamic fracture},
	author={Karma, Alain and Kessler, David A and Levine, Herbert},
	journal={Physical Review Letters},
	volume={87},
	number={4},
	pages={045501},
	year={2001},
	publisher={APS}
}
@article{aranson2000continuum,
	title={Continuum field description of crack propagation},
	author={Aranson, IS and Kalatsky, VA and Vinokur, VM},
	journal={Physical Review Letters},
	volume={85},
	number={1},
	pages={118},
	year={2000},
	publisher={APS}
}
@article{henry2004dynamic,
	title={Dynamic instabilities of fracture under biaxial strain using a phase field model},
	author={Henry, Herv{\'e} and Levine, Herbert},
	journal={Physical Review Letters},
	volume={93},
	number={10},
	pages={105504},
	year={2004},
	publisher={APS}
}
@article{kuhn2008phase,
	title={A phase field model for fracture},
	author={Kuhn, C and M{\"u}ller, R},
	journal={Proc.~Appl.~Math.~Mech.},
	volume={8},
	number={1},
	pages={10223--10224},
	year={2008},
	publisher={Wiley Online Library}
}

@article{Borden2012A,
	title={A phase-field description of dynamic brittle fracture},
	author={Borden, Michael J. and Verhoosel, Clemens V. and Scott, Michael A. and Hughes, Thomas J. R. and Landis, Chad M.},
	journal={Computer Methods in Applied Mechanics Engineering},
	volume={217--220},
	number={1},
	pages={77--95},
	year={2012},
}

@article{amor2009regularized,
	title={Regularized formulation of the variational brittle fracture with unilateral contact: numerical experiments},
	author={Amor, Hanen and Marigo, Jean-Jacques and Maurini, Corrado},
	journal={Journal of the Mechanics and Physics of Solids},
	volume={57},
	number={8},
	pages={1209--1229},
	year={2009},
	publisher={Elsevier}
}
@article{miehe2010thermodynamically,
	title={Thermodynamically consistent phase-field models of fracture: Variational principles and multi-field {FE} implementations},
	author={Miehe, C and Welschinger, F and Hofacker, M},
	journal={International Journal for Numerical Methods in Engineering},
	volume={83},
	number={10},
	pages={1273--1311},
	year={2010},
	publisher={Wiley Online Library}
}
@article{Delaunay1934,
	title={Sur la sphere vide},
	author={Delaunay, Boris},
	journal={Izv. Akad. Nauk SSSR, Otdelenie Matematicheskii i Estestvennyka Nauk},
	volume={7},
	number={793-800},
	pages={1--2},
	year={1934}
}






@article{Bourdin2000797,
	title = "Numerical experiments in revisited brittle fracture ",
	journal = "Journal of the Mechanics and Physics of Solids ",
	volume = "48",
	number = "4",
	pages = "797--826",
	year = "2000",
	author = "B. Bourdin and G. A. Francfort and J-J. Marigo",
	keywords = "A. Fracture",
	keywords = "Fracture toughness",
	keywords = "C. Energy methods",
	keywords = "Variational calculus",
	keywords = "Finite elements "
}

@article{gerasimov2015line,
	title = "A line search assisted monolithic approach for phase-field computing of brittle fracture",
	journal = "Computer Methods in Applied Mechanics and Engineering",
	volume = "312",
	pages = "276--303",
	year = "2016",
	issn = "0045-7825",
	author = "T. Gerasimov and L. De Lorenzis",
	keywords = "Phase-field",
	keywords = "Fracture",
	keywords = "Staggered",
	keywords = "Monolithic",
	keywords = "Line search"
}

@article{MIEHE199837,
title = "Comparison of two algorithms for the computation of fourth-order isotropic tensor functions",
journal = "Computers & Structures",
volume = "66",
number = "1",
pages = "37 - 43",
year = "1998",
note = "",
issn = "0045-7949",
author = "C. Miehe",
keywords = "tensor functions",
keywords = "isotropic elasticity",
keywords = "exponential map",
keywords = "isotropic elastoplasticity"
}

@article {CNM:CNM404,
author = {Miehe, Christian and Lambrecht, Matthias},
title = {Algorithms for computation of stresses and elasticity moduli in terms of Seth–Hill's family of generalized strain tensors},
journal = {Communications in Numerical Methods in Engineering},
volume = {17},
number = {5},
publisher = {John Wiley & Sons, Ltd.},
issn = {1099-0887},
pages = {337--353},
keywords = {finite elasticity, generalized strain measures, isotropic tensor functions, spectral decompositions},
year = {2001},
}

@PhDthesis{BordenThesis,
	author = {Michael J. Borden},
	title = {Isogeometric analysis of phase-field models for dynamic brittle and ductile fracture},
	school = {University of Texas at Austin},
	year = {2012},
	OPTsubtitle = {subtitle},
	OPTtitleaddon = {titleaddon},
	OPTlanguage = {language},
	OPTnote = {note},
	OPTlocation = {location},
	OPTmonth = {month},
	OPTisbn = {isbn},
	OPTchapter = {chapter},
	OPTpages = {pages},
	OPTpagetotal = {pagetotal},
	OPTaddendum = {addendum},
	OPTpubstate = {pubstate},
	OPTdoi = {doi},
	OPTeprint = {eprint},
	OPTeprintclass = {eprintclass},
	OPTeprinttype = {eprinttype},
	OPTurl = {url},
	OPTurldate = {urldate},
}

@ARTICLE{Sargado2017arXiv,
	author = {{Sargado}, J.~M. and {Keilegavlen}, E. and {Berre}, I. and {Nordbotten}, J.~M.
	},
	title = "{High-accuracy phase-field models for brittle fracture based on a new family of degradation functions}",
	journal = {ArXiv e-prints},
	archivePrefix = "arXiv",
	eprint = {1705.04046},
	primaryClass = "cond-mat.mtrl-sci",
	keywords = {Condensed Matter - Materials Science, Mathematics - Analysis of PDEs},
	year = 2017,
	month = may,
	adsurl = {http://adsabs.harvard.edu/abs/2017arXiv170504046S},
	adsnote = {Provided by the SAO/NASA Astrophysics Data System}
}

@article{Bourdin2014014301,
	title = {Morphogenesis and Propagation of Complex Cracks Induced by Thermal Shocks},
	author = {Bourdin, Blaise and Marigo, Jean-Jacques and Maurini, Corrado and Sicsic, Paul},
	journal = {Physical Review Letters},
	volume = {112},
	issue = {1},
	pages = {014301},
	numpages = {5},
	year = {2014},
	month = {Jan},
	publisher = {American Physical Society},
}


@article{rubin1995propagation,
  title={Propagation of magma-filled cracks},
  author={Rubin, Allan M},
  journal={Annual Review of Earth and Planetary Sciences},
  volume={23},
  number={1},
  pages={287--336},
  year={1995},
  publisher={Annual Reviews 4139 El Camino Way, PO Box 10139, Palo Alto, CA 94303-0139, USA}
}


@article{simoni2003cohesive,
  title={Cohesive fracture mechanics for a multi-phase porous medium},
  author={Simoni, Luciano and Secchi, Stefano},
  journal={Engineering Computations},
  volume={20},
  number={5/6},
  pages={675--698},
  year={2003},
  publisher={MCB UP Ltd}
}

@articles{pine1985applications,
  title={Applications of the fluid-rock interaction program (FRIP) to the modelling of hot dry rock geothermal energy systems},
  author={Pine, RJ and Cundall, PA},
  booktitle={Proc. Int. Symp. on Fundamentals of Rock Joints},
  pages={293--302},
  year={1985}
}


@book{miller2004coal,
  title={Coal energy systems},
  author={Miller, Bruce G},
  year={2004},
  publisher={Academic Press}
}


@inproceedings{king2012hydraulic,
  title={Hydraulic fracturing 101: what every representative, environmentalist, regulator, reporter, investor, university researcher, neighbor and engineer should know about estimating frac risk and improving frac performance in unconventional gas and oil wells},
  author={King, George Everette and others},
  booktitle={SPE hydraulic fracturing technology conference},
  year={2012},
  organization={Society of Petroleum Engineers}
}



@article{montgomery2010hydraulic,
  title={Hydraulic fracturing: history of an enduring technology},
  author={Montgomery, Carl T and Smith, Michael B and others},
  journal={Journal of Petroleum Technology},
  volume={62},
  number={12},
  pages={26--40},
  year={2010},
  publisher={Society of Petroleum Engineers}}


@book{charlez1997rock,
  title={Rock mechanics: petroleum applications},
  author={Charlez, Philippe A},
  volume={2},
  year={1997},
  publisher={Editions Technip}
}


@article{fjaer2008mechanics,
  title={Mechanics of hydraulic fracturing},
  author={Fjaer, E and Holt, RM and Horsrud, P and Raaen, AM and Risnes, R},
  journal={Developments in petroleum science},
  volume={53},
  pages={369--390},
  year={2008},
  publisher={Elsevier}
}
}


@article{manthei2003stress,
  title={Stress measurements in salt mines using a special hydraulic fracturing borehole tool},
  author={Manthei, G and Eisenbl{\"a}tter, J and Kamlot, P},
  journal={PDF). In Natau, Fecker \& Pimentel. Geotechnical Measurements and Modelling},
  pages={355--360},
  year={2003}
}


@book{united2011world,
  title={World shale gas resources: an initial assessment of 14 regions outside the United States},
  author={United States. Energy Information Administration and Kuuskraa, Vello},
  year={2011},
  publisher={US Department of Energy}
}


@article{middleton2014co2,
  title={{CO$_2$} as a fracturing fluid: Potential for commercial-scale shale gas production and {CO$_2$} sequestration},
  author={Middleton, Richard and Viswanathan, Hari and Currier, Robert and Gupta, Rajan},
  journal={Energy Procedia},
  volume={63},
  pages={7780--7784},
  year={2014},
  publisher={Elsevier}
}

@inproceedings{lillies1982sand,
  title={Sand fracturing with liquid carbon dioxide},
  author={Lillies, Allen T and King, Steven R},
  booktitle={SPE Production Technology Symposium},
  year={1982},
  pages={SPE-11341-MS},
  organization={Society of Petroleum Engineers}
}

@article{suehiro1996critical,
  title={Critical parameters of $\{x$CO$_2$+$(1- x)$ CHF$_3\}$ for $x$=(1.0000, 0.7496, 0.5013, and 0.2522)},
  author={Suehiro, Y and Nakajima, M and Yamada, K and Uematsu, M},
  journal={The Journal of Chemical Thermodynamics},
  volume={28},
  number={10},
  pages={1153--1164},
  year={1996},
  publisher={Elsevier}
}

@article{span1996new,
  title={A new equation of state for carbon dioxide covering the fluid region from the triple-point temperature to 1100 {K} at pressures up to 800 {MPa}},
  author={Span, Roland and Wagner, Wolfgang},
  journal={Journal of physical and chemical reference data},
  volume={25},
  number={6},
  pages={1509--1596},
  year={1996},
  publisher={NIST}
}

@article{hattori2017numerical,
  title={Numerical simulation of fracking in shale rocks: Current state and future approaches},
  author={Hattori, Gabriel and Trevelyan, Jon and Augarde, Charles E and Coombs, William M and Aplin, Andrew C},
  journal={Archives of Computational Methods in Engineering},
  volume={24},
  number={2},
  pages={281--317},
  year={2017},
  publisher={Springer}
}











@article{Ger31,
	author={S. Gerschgorin},
	title={{\"U}ber die {A}bgrenzung der {E}igenwerte einer {M}atrix},
	year={1931},
	journal={Bulletin de l'Acad\'emie des Sciences de l'URSS. Classe des sciences math\'ematiques et naturelles},
	volume={6},
	pages={749--754}
}

@article{Metis,
	author = {Karypis, G. and Kumar, V.},
title = {A Fast and High Quality Multilevel Scheme for Partitioning Irregular Graphs},
journal = {SIAM Journal on Scientific Computing},
volume = {20},
number = {1},
pages = {359-392},
year = {1998}
}

@book{Hughes87,
	Author = {T. J. R. Hughes},
	Title = {The Finite Element Method: Linear Static and Dynamic Finite Element Analysis},
	Publisher = {Prentice-Hall},
	Year = {1987},
	Address = {Englewood Cliffs, New Jersey}
}

@article{Amor09,
	Author = {H. Amor and  J.-J. Marigo and C. Maurini},
	Date-Added = {2013-09-28 12:33:20 +0200},
	Date-Modified = {2013-09-28 12:35:02 +0200},
	Journal = {Journal of the Mechanics and Physics of Solids},
	Pages = {1209--1229},
	Title = {Regularized formulation of the variational brittle fracture with unilateral contact: Numerical experiments},
	Volume = {57},
	Year = {2009}}

@book{KirkHwu10,
	Address = {Amsterdam},
	Author = {D. B. Kirk and W. W. Hwu},
	Date-Added = {2013-03-28 09:01:14 +0100},
	Date-Modified = {2013-03-28 09:03:28 +0100},
	Publisher = {Elsevier},
	Title = {Programming Massively Parallel Processors: A Hands-on Approach},
	Year = {2010}}

@article{Miehe10,
	Author = {C. Miehe and F. Welschinger and M. Hofacker},
	Journal = {International Journal for Numerical Methods in Engineering},
	Pages = {1273--1311},
	Title = {Thermodynamically consistent phase-field models of fracture: {V}ariational principles and multi-field {FE} implementations},
	Volume = {83},
	Year = {2010}}


@article{Miehe12,
	Author = {M. Hofacker and C. Miehe},
	Journal = {International Journal for Numerical Methods in Engineering},
	Pages = {276--301},
	Title = {A phase field model of dynamic fracture: {R}obust field updates for the analysis of complex crack patterns},
	Volume = {93},
	Year = {2012}}

@article{bourdin2008variational,
	Author = {Bourdin, B. and Francfort, G. A. and Marigo, J. J.},
	Journal = {Journal of Elasticity},
	Pages = {5--148},
	Title = {{The variational approach to fracture}},
	Volume = {91},
	Year = {2008}}

@article{Borden201277,
title = "A phase-field description of dynamic brittle fracture",
journal = "Computer Methods in Applied Mechanics and Engineering",
volume = "217--220",
pages = "77--95",
year = "2012",
issn = "0045-7825",
author = "M. J. Borden and C. V. Verhoosel and M. A. Scott and T. J. R. Hughes and C. M. Landis",
keywords = "Phase field",
keywords = "Fracture mechanics",
keywords = "Isogeometric analysis",
keywords = "Adaptive refinement",
keywords = "T-splines"
}

@article{NME:NME2989,
author = {Cecka, C. and Lew, A. J. and Darve, E.},
title = {Assembly of finite element methods on graphics processors},
journal = {International Journal for Numerical Methods in Engineering},
volume = {85},
number = {5},
publisher = {John Wiley & Sons, Ltd.},
issn = {1097-0207},
pages = {640--669},
keywords = {finite element method, FEM, GPGPU, GPU, CUDA, multicore, high-performance computing},
year = {2011},
}

@article{Borden2014100,
title = "A higher-order phase-field model for brittle fracture: Formulation and analysis within the isogeometric analysis framework ",
journal = "Computer Methods in Applied Mechanics and Engineering ",
volume = "273",
pages = "100--118",
year = "2014",
note = "",
issn = "0045-7825",
author = "Michael J. Borden and Thomas J.R. Hughes and Chad M. Landis and Clemens V. Verhoosel",
keywords = "Phase-field",
keywords = "Fracture",
keywords = "Isogeometric analysis",
keywords = "Higher-order models "
}

@article {NME:NME726,
author = {Mo\"es‏, Nicolas and Dolbow, John and Belytschko, Ted},
title = {A finite element method for crack growth without remeshing},
journal = {International Journal for Numerical Methods in Engineering},
volume = {46},
number = {1},
publisher = {John Wiley & Sons, Ltd.},
issn = {1097-0207},
pages = {131--150},
keywords = {finite elements, fracture},
year = {1999},
}

@article{Francfort19981319,
title = "Revisiting brittle fracture as an energy minimization problem ",
journal = "Journal of the Mechanics and Physics of Solids ",
volume = "46",
number = "8",
pages = "1319--1342",
year = "1998",
note = "",
issn = "0022-5096",
author = "G. A. Francfort and J.-J. Marigo"
}

@article{DelPiero20072513,
title = "A variational model for fracture mechanics: Numerical experiments ",
journal = "Journal of the Mechanics and Physics of Solids ",
volume = "55",
number = "12",
pages = "2513--2537",
year = "2007",
note = "",
issn = "0022-5096",
author = "Gianpietro {Del Piero} and Giovanni Lancioni and Riccardo March",
keywords = "Fracture mechanics",
keywords = "Energy methods",
keywords = "Variational calculus",
keywords = "Free-boundary problems",
keywords = "Finite elements "
}

@article{Amor20091209,
title = "Regularized formulation of the variational brittle fracture with unilateral contact: Numerical experiments ",
journal = "Journal of the Mechanics and Physics of Solids ",
volume = "57",
number = "8",
pages = "1209--1229",
year = "2009",
note = "",
issn = "0022-5096",
author = "Hanen Amor and Jean-Jacques Marigo and Corrado Maurini",
keywords = "Fracture",
keywords = "Energy methods",
keywords = "Free-discontinuity problems",
keywords = "Contact mechanics",
keywords = "Finite elements "
}

@article{Charlotte2006649,
title = "Initiation of cracks with cohesive force models: A variational approach ",
journal = "European Journal of Mechanics - A/Solids ",
volume = "25",
number = "4",
pages = "649--669",
year = "2006",
issn = "0997-7538",
author = "Miguel Charlotte and J\'er\^ome Laverne and Jean-Jacques Marigo",
keywords = "Fracture",
keywords = "Calculus of Variations",
keywords = "Stability",
keywords = "Cohesive forces",
keywords = "Yield stress "
}

@article{Chambolle20091614,
title = "When and how do cracks propagate? ",
journal = "Journal of the Mechanics and Physics of Solids ",
volume = "57",
number = "9",
pages = "1614--1622",
year = "2009",
note = "",
issn = "0022-5096",
author = "A. Chambolle and G. A. Francfort and J.-J. Marigo",
keywords = "Fracture mechanics",
keywords = "Variational methods",
keywords = "Stability "
}

@article{Freddi20101154,
title = "Regularized variational theories of fracture: A unified approach ",
journal = "Journal of the Mechanics and Physics of Solids ",
volume = "58",
number = "8",
pages = "1154--1174",
year = "2010",
note = "",
issn = "0022-5096",
author = "Francesco Freddi and Gianni Royer-Carfagni",
keywords = "Fracture mechanics",
keywords = "Damage mechanics",
keywords = "Variational calculus",
keywords = "Free-discontinuity problem",
keywords = "Structured deformations "
}

@article{Pham20111163,
title = "The issues of the uniqueness and the stability of the homogeneous response in uniaxial tests with gradient damage models ",
journal = "Journal of the Mechanics and Physics of Solids ",
volume = "59",
number = "6",
pages = "1163--1190",
year = "2011",
note = "",
issn = "0022-5096",
author = "Kim Pham and Jean-Jacques Marigo and Corrado Maurini",
keywords = "Damage mechanics",
keywords = "Gradient damage model",
keywords = "Variational methods",
keywords = "Stability",
keywords = "Bifurcation "
}

@article{daSilvaJr20132178,
title = "Sharp-crack limit of a phase-field model for brittle fracture ",
journal = "Journal of the Mechanics and Physics of Solids ",
volume = "61",
number = "11",
pages = "2178--2195",
year = "2013",
note = "",
issn = "0022-5096",
author = "da Silva, Jr., Milton N. and Fernando P. Duda and Eliot Fried",
keywords = "Crack propagation",
keywords = "Configurational forces",
keywords = "J-integral",
keywords = "Griffith criterion",
keywords = "Internal constraints "
}

@article{Shen20102360,
title = "Stability and convergence proofs for a discontinuous-{G}alerkin-based extended finite element method for fracture mechanics ",
journal = "Computer Methods in Applied Mechanics and Engineering ",
volume = "199",
number = "37--40",
pages = "2360--2382",
year = "2010",
note = "",
issn = "0045-7825",
author = "Yongxing Shen and Adrian Lew",
keywords = "Extended finite element method",
keywords = "Fracture mechanics",
keywords = "Discontinuous Galerkin",
keywords = "Inf–sup condition "
}

@article{Shen2014119,
title = "A locking-free and optimally convergent discontinuous-{G}alerkin-based extended finite element method for cracked nearly incompressible solids ",
journal = "Computer Methods in Applied Mechanics and Engineering ",
volume = "273",
pages = "119--142",
year = "2014",
note = "",
issn = "0045-7825",
author = "Yongxing Shen and Adrian J. Lew",
keywords = "Extended finite element method",
keywords = "Discontinuous Galerkin",
keywords = "Fracture",
keywords = "Lifting operator",
keywords = "Locking",
keywords = "Nearly incompressible "
}

@article{Amiri2014102,
title = "Phase-field modeling of fracture in linear thin shells ",
journal = "Theoretical and Applied Fracture Mechanics ",
volume = "69",
pages = "102--109",
year = "2014",
issn = "0167-8442",
author = "F. Amiri and D. Mill\'an and Y. Shen and T. Rabczuk and M. Arroyo",
keywords = "Phase-field model",
keywords = "Meshfree method",
keywords = "Thin shells",
keywords = "Local maximum entropy",
keywords = "Point-set surfaces",
keywords = "Manifold learning "
}

@article{DalMaso2010257,
title = "Quasistatic crack growth in finite elasticity with non-interpenetration ",
journal = "Annales de l'Institut Henri Poincare (C) Non Linear Analysis ",
volume = "27",
number = "1",
pages = "257--290",
year = "2010",
note = "",
issn = "0294-1449",
author = "Gianni {Dal Maso} and Giuliano Lazzaroni",
keywords = "Variational models",
keywords = "Energy minimization",
keywords = "Free-discontinuity problems",
keywords = "Polyconvexity",
keywords = "Quasistatic evolution",
keywords = "Rate-independent processes",
keywords = "Brittle fracture",
keywords = "Crack propagation",
keywords = "Griffith's criterion",
keywords = "Finite elasticity",
keywords = "Non-interpenetration "
}

@article{Voyiadjis20133136,
title = "Nonlocal damage model using the phase field method: Theory and applications ",
journal = "International Journal of Solids and Structures ",
volume = "50",
number = "20--21",
pages = "3136--3151",
year = "2013",
note = "",
issn = "0020-7683",
author = "George Z. Voyiadjis and Navid Mozaffari",
keywords = "Damage",
keywords = "Nonlocal",
keywords = "Phase field",
keywords = "Isotropic material",
keywords = "Allen–Cahn equation "
}

@article{
year={2014},
issn={0178-7675},
journal={Computational Mechanics},
volume={54},
number={2},
publisher={Springer Berlin Heidelberg},
keywords={XFEM; Dynamic fracture mechanics; Mass lumping; Crack branching},
author={Xu, Dandan and Liu, Zhanli and Liu, Xiaoming and Zeng, Qinglei and Zhuang, Zhuo},
pages={489--502},
language={English}
}

@article{
year={2012},
issn={0376-9429},
journal={International Journal of Fracture},
volume={178},
number={1-2},
publisher={Springer Netherlands},
keywords={Dynamic fracture; Crack branching; Phase field modeling; Coupled multi-field problems; Incremental variational principles},
author={Hofacker, Martina and Miehe, Christian},
pages={113--129},
language={English}
}

@article{Gomez2014153,
title = "Accurate, efficient, and (iso)geometrically flexible collocation methods for phase-field models ",
journal = "Journal of Computational Physics ",
volume = "262",
pages = "153--171",
year = "2014",
note = "",
issn = "0021-9991",
author = "Hector Gomez and Alessandro Reali and Giancarlo Sangalli",
keywords = "Collocation",
keywords = "Cahn–Hilliard equation",
keywords = "\{NURBS\}",
keywords = "Isogeometric analysis",
keywords = "Phase-field models "
}

@article{Hakim2009342,
title = "Laws of crack motion and phase-field models of fracture ",
journal = "Journal of the Mechanics and Physics of Solids ",
volume = "57",
number = "2",
pages = "342--368",
year = "2009",
note = "",
issn = "0022-5096",
author = "Vincent Hakim and Alain Karma",
keywords = "Fracture",
keywords = "Phase field",
keywords = "Anisotropy",
keywords = "Eshelby tensor",
keywords = "Herring torque "
}

@article{Miehe20101716,
title = "A phase field model of electromechanical fracture ",
journal = "Journal of the Mechanics and Physics of Solids ",
volume = "58",
number = "10",
pages = "1716--1740",
year = "2010",
note = "",
issn = "0022-5096",
author = "C. Miehe and F. Welschinger and M. Hofacker",
keywords = "Electromechanics",
keywords = "Piezoelectricity",
keywords = "Fracture",
keywords = "Phase fields",
keywords = "Gradient damage "
}

@article{Miehe20102765,
title = "A phase field model for rate-independent crack propagation: Robust algorithmic implementation based on operator splits ",
journal = "Computer Methods in Applied Mechanics and Engineering ",
volume = "199",
number = "45--48",
pages = "2765--2778",
year = "2010",
note = "",
issn = "0045-7825",
author = "Christian Miehe and Martina Hofacker and Fabian Welschinger",
keywords = "Fracture",
keywords = "Crack propagation",
keywords = "Phase fields",
keywords = "Gradient-type damage",
keywords = "Incremental variational principles",
keywords = "Finite elements",
keywords = "Coupled multi-field problem "
}

@article{Wheeler201469,
title = "An augmented-{L}agrangian method for the phase-field approach for pressurized fractures ",
journal = "Computer Methods in Applied Mechanics and Engineering ",
volume = "271",
pages = "69--85",
year = "2014",
note = "",
issn = "0045-7825",
author = "M.F. Wheeler and T. Wick and W. Wollner",
keywords = "Finite elements",
keywords = "Phase-field",
keywords = "Variational fracture",
keywords = "Augmented Lagrangian",
keywords = "Iterative solution "
}

@article{Kuhn20103625,
title = "A continuum phase field model for fracture ",
journal = "Engineering Fracture Mechanics ",
volume = "77",
number = "18",
pages = "3625--3634",
year = "2010",
issn = "0013-7944",
author = {Charlotte Kuhn and Ralf M\"uller},
keywords = "Fracture",
keywords = "Phase field",
keywords = "Energy-momentum tensor (Eshelby tensor)",
keywords = "Energy release rate",
keywords = "J-integral",
keywords = "Finite elements "
}

@article {NME:NME4553,
author = {Verhoosel, Clemens V. and de Borst, Ren\'e},
title = {A phase-field model for cohesive fracture},
journal = {International Journal for Numerical Methods in Engineering},
volume = {96},
number = {1},
issn = {1097-0207},
pages = {43--62},
keywords = {cohesive fracture, phase-field models, fracture, cracking, damage, gradient models},
year = {2013},
}
@article{GonzalezFerreiro20142309,
title = "A thermodynamically consistent numerical method for a phase field model of solidification ",
journal = "Communications in Nonlinear Science and Numerical Simulation ",
volume = "19",
number = "7",
pages = "2309--2323",
year = "2014",
note = "",
issn = "1007-5704",
author = "B. Gonzalez-Ferreiro and H. Gomez and I. Romero",
keywords = "Phase-field",
keywords = "Solidification",
keywords = "Time integration",
keywords = "Nonlinear stability",
keywords = "Structure preservation "
}

@article{Jamshidian201423,
title = "Phase field modelling of stressed grain growth: Analytical study and the effect of microstructural length scale ",
journal = "Journal of Computational Physics ",
volume = "261",
pages = "23--35",
year = "2014",
note = "",
issn = "0021-9991",
author = "M. Jamshidian and T. Rabczuk",
keywords = "Stressed grain growth",
keywords = "Phase field modelling",
keywords = "Analytical method",
keywords = "Polycrystalline microstructure",
keywords = "Microstructural length scale "
}

@article {NME:NME2861,
author = {Miehe, C. and Welschinger, F. and Hofacker, M.},
title = {Thermodynamically consistent phase-field models of fracture: Variational principles and multi-field {FE} implementations},
journal = {International Journal for Numerical Methods in Engineering},
volume = {83},
number = {10},
publisher = {John Wiley & Sons, Ltd.},
issn = {1097-0207},
pages = {1273--1311},
keywords = {fracture, crack propagation, phase-fields, gradient-type damage, incremental variational principles, finite elements, coupled multi-field problems},
year = {2010},
}
@article {NME:NME4387,
author = {Hofacker, M. and Miehe, C.},
title = {A phase field model of dynamic fracture: Robust field updates for the analysis of complex crack patterns},
journal = {International Journal for Numerical Methods in Engineering},
volume = {93},
number = {3},
publisher = {John Wiley & Sons, Ltd},
issn = {1097-0207},
pages = {276--301},
keywords = {dynamic fracture, crack branching, phase field modeling, coupled multi-field problems, incremental variational principles},
year = {2013},
}
@article {PAMM:PAMM201210076,
author = {Ulmer, Heike and Hofacker, Martina and Miehe, Christian},
title = {Phase Field Modeling of Fracture in Plates and Shells},
journal = {Proceedings in Applied Mathematics and Mechanics},
volume = {12},
number = {1},
publisher = {WILEY-VCH Verlag},
issn = {1617-7061},
pages = {171--172},
year = {2012},
}

@article{Xu,
year={2014},
issn={0178-7675},
journal={Computational Mechanics},
volume={54},
number={2},
title={Modeling of dynamic crack branching by enhanced extended finite element method},
publisher={Springer Berlin Heidelberg},
keywords={XFEM; Dynamic fracture mechanics; Mass lumping; Crack branching},
author={Xu, Dandan and Liu, Zhanli and Liu, Xiaoming and Zeng, Qinglei and Zhuang, Zhuo},
pages={489--502},
language={English}
}
@article{PhysRevE.75.066111,
  title = {Phase field modeling of fracture and stress-induced phase transitions},
  author = {Spatschek, R. and M\"uller-Gugenberger, C. and Brener, E. and Nestler, B.},
  journal = {Phys. Rev. E},
  volume = {75},
  issue = {6},
  pages = {066111},
  numpages = {14},
  year = {2007},
  month = {Jun},
  publisher = {American Physical Society},
}

@article {NME:NME2781,
author = {Shen, Yongxing and Lew, Adrian},
title = {An optimally convergent discontinuous {G}alerkin-based extended finite element method for fracture mechanics},
journal = {International Journal for Numerical Methods in Engineering},
volume = {82},
number = {6},
publisher = {John Wiley & Sons, Ltd.},
issn = {1097-0207},
pages = {716--755},
keywords = {solids, extended finite element method, discontinuous Galerkin, fracture, lifting operator, immersed boundary method},
year = {2010},
}

@article {NME:NME4731,
author = {Rangarajan, Ramsharan and Chiaramonte, Maurizio M. and Hunsweck, Michael J. and Shen, Yongxing and Lew, Adrian J.},
title = {Simulating curvilinear crack propagation in two dimensions with universal meshes},
journal = {International Journal for Numerical Methods in Engineering},
issn = {1097-0207},
doi = {10.1002/nme.4731},
keywords = {hydraulic fracture, meshing, r-adaptivity},
year = {2014},
}


@incollection{Larsen,
year={2010},
isbn={978-90-481-9194-9},
booktitle={IUTAM Symposium on Variational Concepts with Applications to the Mechanics of Materials},
volume={21},
series={IUTAM Bookseries},
editor={Hackl, Klaus},
title={Models for Dynamic Fracture Based on {G}riffith's Criterion},
publisher={Springer Netherlands},
author={Larsen, ChristopherJ.},
pages={131--140},
language={English}
}

@article{Larsen2,
year={2011},
issn={0376-9429},
journal={International Journal of Fracture},
volume={168},
number={2},
title={A time-discrete model for dynamic fracture based on crack regularization},
publisher={Springer Netherlands},
keywords={Dynamic fracture; Phase field; Griffith’s criterion; Crack regularization; Variational fracture},
author={Bourdin, Blaise and Larsen, ChristopherJ. and Richardson, CaseyL.},
pages={133--143},
language={English}
}

@article{JJMarigo,
year={2010},
issn={0938-8974},
journal={Journal of Nonlinear Science},
volume={20},
number={6},
title={Initiation of Cracks in {G}riffith's Theory: An Argument of Continuity in Favor of Global Minimization},
publisher={Springer-Verlag},
keywords={Fracture; Stability; Energy minimization; Variational methods; 35A15; 35B40; 74A45; 74G70; 74R10},
author={Marigo, Jean-Jacques},
pages={831--868},
language={English}
}

@article{PhysRevLett.87.045501,
  title = {Phase-Field Model of Mode {III} Dynamic Fracture},
  author = {Karma, Alain and Kessler, David A. and Levine, Herbert},
  journal = {Phys. Rev. Lett.},
  volume = {87},
  issue = {4},
  pages = {045501},
  numpages = {4},
  year = {2001},
  month = {Jul},
  publisher = {American Physical Society},

}

@article{Martina,
year={2012},
issn={0376-9429},
journal={International Journal of Fracture},
volume={178},
number={1--2},
title={Continuum phase field modeling of dynamic fracture: Variational principles and staggered {FE} implementation},
publisher={Springer Netherlands},
keywords={Dynamic fracture; Crack branching; Phase field modeling; Coupled multi-field problems; Incremental variational principles},
author={Hofacker, Martina and Miehe, Christian},
pages={113--129},
language={English}
}

@article {PAMM:PAMM201310258,
author = {Ulmer, Heike and Hofacker, Martina and Miehe, Christian},
title = {Phase Field Modeling of Brittle and Ductile Fracture},
journal = {Proceedings of Applied Mathematics and Mechanics},
volume = {13},
number = {1},
publisher = {WILEY-VCH Verlag},
issn = {1617-7061},
pages = {533--536},
year = {2013},
}

@article{lew2004overview,
  title={An overview of variational integrators},
  author={Lew, Adrian and Marsden, Jerrold E and Ortiz, Michael and West, Matthew},
  year={2004},
  publisher={International Center for Numerical Methods in Engineering (CIMNE)}
}

@article{ShWuWa16,
title = "Universal meshes for a branched crack ",
journal = "Finite Elements in Analysis and Design ",
volume = "129",
number = "",
pages = "53--62",
year = "2017",
note = "",
issn = "0168-874X",
author = "Yongxing Shen and Can Wu and Yang Wan",
keywords = "Branched crack",
keywords = "Universal meshes",
keywords = "Conforming mesh",
keywords = "Mesh deformation "
}



@article {ChShLe16,
author = {Chiaramonte, Maurizio M. and Shen, Yongxing and Lew, Adrian J.},
title = {Mapped finite element methods: High-order approximations of problems on domains with cracks and corners},
journal = {International Journal for Numerical Methods in Engineering},
issn = {1097-0207},
url = {http://dx.doi.org/10.1002/nme.5486},
keywords = {solid, crack problem, re-entrant corner, singularity},
year = {2016},
note = {nme.5486},
}

@article{zhang2005propagation,
  title={Propagation of a hydraulic fracture parallel to a free surface},
  author={Zhang, X and Jeffrey, RG and Detournay, E},
  journal={International Journal for Numerical and Analytical Methods in Geomechanics},
  volume={29},
  number={13},
  pages={1317--1340},
  year={2005},
  publisher={Wiley Online Library}
}
	
@article{Shen201417,
title = "A variational inequality formulation to incorporate the fluid lag in fluid-driven fracture propagation ",
journal = "Computer Methods in Applied Mechanics and Engineering ",
volume = "272",
number = "",
pages = "17--33",
year = "2014",
note = "",
issn = "0045-7825",
author = "Yongxing Shen",
}

@article{medlin1984laboratory,
  title={Laboratory experiments in fracture propagation},
  author={Medlin, W. L. and Mass\'{e}, L.},
  journal={Society of Petroleum Engineers Journal},
  volume={24},
  number={3},
  pages={256--268},
  year={1984},
  publisher={Society of Petroleum Engineers}
}


@inproceedings{van1998analysis,
	title={Analysis of hydraulic fracture closure in laboratory experiments},
	author={Van Dam, D. B. and De Pater, C. J. and Romijn, R.},
	booktitle={SPE/ISRM Rock Mechanics in Petroleum Engineering},
	year={1998},
	organization={Society of Petroleum Engineers},
	pages={365--374}
}

@inproceedings{johnson1991implications,
  title={Implications of recent laboratory experimental results for hydraulic fractures},
  author={Johnson, Edward and Cleary, Michael P},
  booktitle={Low Permeability Reservoirs Symposium},
  year={1991},
  organization={Society of Petroleum Engineers},
  pages={413--428}
}

@article{BuiParnes82,
	Author = {H. D. Bui and R. Parnes},
	Date-Added = {2013-09-23 11:40:52 +0200},
	Date-Modified = {2013-09-23 11:41:36 +0200},
	Journal = {International Journal of Engineering Science},
	Number = {11},
	Pages = {1215--1220},
	Title = {A REEXAMINATION OF THE PRESSURE AT THE TIP OF A FLUID-FILLED CRACK},
	Volume = {20},
	Year = {1982}}

@article{Abe76a,
	Author = {H. Ab\'e and T. Mura and L. M. Keer},
	Date-Added = {2013-09-23 09:57:49 +0200},
	Date-Modified = {2013-09-23 09:58:57 +0200},
	Journal = {Journal of Geophysical Research},
	Number = {29},
	Pages = {5335--5340},
	Title = {Growth rate of a penny-shaped crack in hydraulic fracturing of rocks},
	Volume = {81},
	Year = {1976}}

@article{Irzal201329,
	Author = {Faisal Irzal and Joris J. C. Remmers and Jacques M. Huyghe and Ren\'e de Borst},
	Date-Added = {2013-09-04 15:43:34 +0200},
	Date-Modified = {2013-09-26 17:09:19 +0200},
	Issn = {0045-7825},
	Journal = {Computer Methods in Applied Mechanics and Engineering},
	Keywords = {Cohesive zone model},
	Pages = {29--37},
	Title = {A large deformation formulation for fluid flow in a progressively fracturing porous material},
	Volume = {256},
	Year = {2013}}

@article{GoszMoran02,
	Author = {M. Gosz and B. Moran},
	Date-Added = {2013-04-07 12:15:22 +0200},
	Date-Modified = {2013-04-07 12:16:02 +0200},
	Journal = {Engineering Fracture Mechanics},
	Pages = {299--319},
	Title = {An interaction energy integral method for computation of mixed-mode stress intensity factors along non-planar crack fronts in three dimensions},
	Volume = {69},
	Year = {2002}}

@article{Geertsma69,
	Author = {J. Geertsma and F. {de Klerk}},
	Date-Added = {2013-06-10 16:02:54 +0200},
	Date-Modified = {2013-06-10 16:06:55 +0200},
	Journal = {Journal of Petroleum Technology},
	Number = {12},
	Pages = {1571--1581},
	Title = {A Rapid Method of Predicting Width and Extent of Hydraulically Induced Fractures},
	Volume = {21},
	Year = {1969}}

@inproceedings{khristianovic1955,
	Author = {S. A. Khristianovic and Y. P. Zheltov},
	Booktitle = {Fourth World Petroleum Congress Proceedings},
	Date-Added = {2010-12-01 15:22:25 -0800},
	Date-Modified = {2010-12-01 15:26:02 -0800},
	Pages = {579--586},
	Title = {Formation of vertical fractures by means of highly viscous liquid},
	Year = {1955}}

@article{Lecampion07,
	Author = {B. Lecampion and E. Detournay},
	Date-Added = {2010-11-08 17:14:21 -0800},
	Date-Modified = {2010-11-08 17:15:12 -0800},
	Journal = {Computer Methods in Applied Mechanics and Engineering},
	Pages = {4863--4880},
	Title = {An implicit algorithm for the propagation of a hydraulic fracture with a fluid lag},
	Volume = {196},
	Year = {2007}}

@article{Lecampion09,
	Author = {B. Lecampion},
	Date-Added = {2011-03-07 18:09:40 -0800},
	Date-Modified = {2011-03-07 18:10:11 -0800},
	Journal = {Communications in Numerical Methods in Engineering},
	Pages = {121--133},
	Title = {An extended finite element method for hydraulic fracture problems},
	Volume = {25},
	Year = {2009}}

@article{Rice72,
	Author = {J. R. Rice},
	Date-Added = {2013-06-01 11:57:12 +0200},
	Date-Modified = {2013-06-01 11:58:22 +0200},
	Journal = {International Journal of Solids and Structures},
	Pages = {751--758},
	Title = {SOME REMARKS ON ELASTIC CRACK-TIP STRESS FIELDS},
	Volume = {8},
	Year = {1972}}

@article{GaragashDetournay05,
	Author = {D. I. Garagash and E. Detournay},
	Date-Added = {2013-05-30 20:32:19 +0200},
	Date-Modified = {2013-05-30 20:34:43 +0200},
	Journal = {Journal of Applied Mechanics},
	Pages = {916--928},
	Title = {Plane-strain propagation of a fluid-driven fracture: Small-toughness solution},
	Volume = {72},
	Year = {2005}}

@article{Detournay04,
	Author = {E. Detournay},
	Date-Added = {2013-05-28 09:18:59 +0200},
	Date-Modified = {2013-05-28 09:22:11 +0200},
	Journal = {International Journal of Geomechanics},
	Pages = {35--45},
	Title = {Propagation Regimes of Fluid-Driven Fractures in Impermeable Rocks},
	Volume = {4},
	Year = {2004}}


@article{Garagash06,
	Author = {D. I. Garagash},
	Date-Added = {2011-03-01 15:40:33 -0800},
	Date-Modified = {2011-03-01 15:41:12 -0800},
	Journal = {International Journal of Solids and Structures},
	Pages = {5811--5835},
	Title = {Propagation of a plane-strain hydraulic fracture with a fluid lag: Early-time solution},
	Volume = {43},
	Year = {2006}}

@article{SpenceSharp85,
	Author = {D. A. Spence and P. Sharp},
	Date-Added = {2011-03-01 15:42:44 -0800},
	Date-Modified = {2013-05-27 10:32:44 +0200},
	Journal = {Proceedings of the Royal Society of London. Series A},
	Number = {1819},
	Pages = {289--313},
	Title = {Self-Similar Solutions for Elastohydrodynamic Cavity Flow},
	Volume = {400},
	Year = {1985}}

@article{DowellJarratt72,
	Author = {M. Dowell and P. Jarratt},
	Date-Added = {2013-05-25 12:29:21 +0200},
	Date-Modified = {2013-05-25 12:32:09 +0200},
	Journal = {BIT Numerical Mathematics},
	Number = {4},
	Pages = {503--508},
	Title = {The "pegasus'' method for computing the root of an equation},
	Volume = {12},
	Year = {1972}}

@article{Ausas09,
	Author = {R. F. Ausas and M. Jai and G. C. Buscaglia},
	Date-Added = {2013-04-22 16:23:05 +0200},
	Date-Modified = {2013-04-22 16:24:17 +0200},
	Journal = {Journal of Tribology},
	Pages = {031702},
	Title = {A mass-conserving algorithm for dynamical lubrication problems with cavitation},
	Volume = {131},
	Year = {2009}}

@book{Crouch83,
	Address = {London},
	Author = {S. L. Crouch and A. M. Starfield},
	Date-Added = {2013-03-30 18:17:31 +0100},
	Date-Modified = {2013-03-30 18:18:12 +0100},
	Publisher = {Allen \& Unwin},
	Title = {Boundary Element Methods in Solid Mechanics},
	Year = {1983}}

@article{Shou95,
	Author = {K. J. Shou and S. L. Crouch},
	Date-Added = {2013-03-30 16:30:34 +0100},
	Date-Modified = {2013-03-30 16:32:09 +0100},
	Journal = {International Journal for Rock Mechanics and Mining Sciences \& Geomechanics Abstracts},
	Pages = {49--55},
	Title = {A Higher Order Displacement Discontinuity Method for Analysis of Crack Problems},
	Volume = {32},
	Year = {1995}}

@book{Wheertman96,
	Address = {New Jersey},
	Author = {J. Wheertman},
	Date-Added = {2013-03-30 16:36:13 +0100},
	Date-Modified = {2013-03-30 16:36:58 +0100},
	Publisher = {World Scientific},
	Title = {Dislocation Based Fracture Mechanics},
	Year = {1996}}

@article{Dong01,
	Author = {C. Y. Dong and C. J. {de Pater}},
	Journal = {Computer Methods in Applied Mechanics and Engineering},
	Pages = {745--760},
	Title = {Numerical implementation of displacement discontinuity method and its application in hydraulic fracturing},
	Volume = {191},
	Year = {2001}}

@book{Kinderlehrer80,
	Address = {New York},
	Author = {David Kinderlehrer and Guido Stampacchia},
	Date-Added = {2013-03-26 23:26:12 +0100},
	Date-Modified = {2013-03-26 23:28:26 +0100},
	Publisher = {Academic Press},
	Title = {An Introduction to Variational Inequalities and Their Applications},
	Year = {1980}}




@article{HuShLe11,
	Author = {M. J. Hunsweck and Y. Shen and A. J. Lew},
	Date-Added = {2011-03-02 16:23:17 -0800},
	Date-Modified = {2013-06-10 23:12:21 +0200},
	Journal = {International Journal for Numerical and Analytical Methods in Geomechanics},
	Number = {9},
	Pages = {993--1015},
	Title = {A finite element approach to the simulation of hydraulic fractures with lag},
	Volume = {37},
	Year = {2013}}



@article{Ioakimidis82,
	Author = {N. I. Ioakimidis},
	Date-Added = {2011-08-17 17:47:10 +0200},
	Date-Modified = {2011-08-17 17:52:24 +0200},
	Journal = {Acta Mechanica},
	Pages = {31--47},
	Title = {Application of finite-part integrals to the singular equations of crack},
	Volume = {45},
	Year = {1982}}

@incollection{Sneddon73,
	Address = {Leyden, The Netherlands},
	Author = {I. N. Sneddon},
	Booktitle = {Methods of Analysis and Solutions of Crack Problems: Recent Developments in Fracture Mechanics},
	Date-Added = {2011-09-01 16:09:21 +0200},
	Date-Modified = {2012-04-27 15:24:39 +0200},
	Editor = {G. C. Sih},
	Publisher = {Kluwer},
	Title = {Integral transformation methods},
	Year = {1973}}
	
@book{FacchineiPang03b,
	Address = {New York},
	Author = {F. Facchinei and J.-S. Pang},
	Date-Added = {2012-04-29 22:20:41 +0200},
	Date-Modified = {2012-04-29 22:23:46 +0200},
	Publisher = {Springer},
	Title = {Finite-dimensional Variational Inequalities and Complementarity Problems},
	Volume = {2},
	Year = {2003}}


@book{FacchineiPang03a,
	Address = {New York},
	Author = {F. Facchinei and J.-S. Pang},
	Date-Added = {2012-04-29 22:23:36 +0200},
	Date-Modified = {2012-04-29 22:23:36 +0200},
	Publisher = {Springer},
	Title = {Finite-dimensional Variational Inequalities and Complementarity Problems},
	Volume = {1},
	Year = {2003}}


@article{Crouch76,
	Author = {S. L. Crouch},
	Date-Added = {2011-08-30 09:59:36 +0200},
	Date-Modified = {2011-08-30 10:04:15 +0200},
	Journal = {International Journal for Numerical Methods in Engineering},
	Pages = {301--343},
	Title = {Solution of plane elasticity problems by the displacement discontinuity method. {I}. {I}nfinite body solution},
	Volume = {10},
	Year = {1976}}


@book{NocedalWright99,
	Address = {New York},
	Author = {J. Nocedal and S. J. Wright},
	Date-Added = {2013-01-11 12:02:03 +0100},
	Date-Modified = {2013-01-11 12:03:07 +0100},
	Publisher = {Springer},
	Title = {Numerical Optimization},
	Year = {1999}}

@book{Anderson94,
	Address = {Boca Raton, Florida},
	Author = {T. L. Anderson},
	Date-Added = {2013-03-26 22:27:33 +0100},
	Date-Modified = {2013-03-26 22:41:52 +0100},
	Edition = {2nd},
	Publisher = {CRC Press},
	Title = {Fracture Mechanics: Fundamentals and Applications},
	Year = {1994}}


@article {Advani1997,
author = {Advani, S. H. and Lee, T. S. and Dean, R. H. and Pak, C. K. and Avasthi, J. M.},
title = {CONSEQUENCES OF FLUID LAG IN THREE-DIMENSIONAL HYDRAULIC FRACTURES},
journal = {International Journal for Numerical and Analytical Methods in Geomechanics},
volume = {21},
number = {4},
issn = {1096-9853},
pages = {229--240},
keywords = {hydraulic fracture, fluid lag, excess pressure},
year = {1997}}

@article{Adachi2007739,
title = "Computer simulation of hydraulic fractures ",
journal = "International Journal of Rock Mechanics and Mining Sciences ",
volume = "44",
number = "5",
pages = "739--757",
year = "2007",
note = "",
issn = "1365-1609",
author = "J. Adachi and E. Siebrits and A. Peirce and J. Desroches",
keywords = "Hydraulic fracturing",
keywords = "Numerical models",
keywords = "Computer simulations "
}

@article{garagash2000tip,
  title={The tip region of a fluid-driven fracture in an elastic medium},
  author={Garagash, D and Detournay, E},
  journal={Journal of Applied Mechanics},
  volume={67},
  number={1},
  pages={183--192},
  year={2000},
  publisher={American Society of Mechanical Engineers}
}


@article{Bunger2005299,
title = "Crack tip behavior in near-surface fluid-driven fracture experiments ",
journal = "Comptes Rendus M\'{e}canique ",
volume = "333",
number = "4",
pages = "299 - 304",
year = "2005",
note = "",
issn = "1631-0721",

author = "Andrew P. Bunger and Emmanuel Detournay and Robert G. Jeffrey",
keywords = "Rupture",
keywords = "Hydraulic fracture",
keywords = "Fracture mechanics-clés",
keywords = "Rupture",
keywords = "Fracturation hydraulique",
keywords = "Mécanique de la rupture fragile "
}

@article{Gordeliy2013305,
title = "Coupling schemes for modeling hydraulic fracture propagation using the {XFEM} ",
journal = "Computer Methods in Applied Mechanics and Engineering ",
volume = "253",
number = "",
pages = "305--322",
year = "2013",
note = "",
issn = "0045-7825",
author = "Elizaveta Gordeliy and Anthony Peirce",
keywords = "XFEM",
keywords = "Hydraulic fractures",
keywords = "Free boundary problems "
}


@article {NAG:NAG913,
author = {Gordeliy, E. and Detournay, E.},
title = {A fixed grid algorithm for simulating the propagation of a shallow hydraulic fracture with a fluid lag},
journal = {International Journal for Numerical and Analytical Methods in Geomechanics},
volume = {35},
number = {5},
publisher = {John Wiley & Sons, Ltd.},
issn = {1096-9853},
pages = {602--629},
keywords = {hydraulic fracture, fracture mechanics, level set},
year = {2011},
}


@book{JF1957,
	title={The Finite Journal Bearing, Considering Vaporization},
	author={Jakobsson, Bengt and Floberg, Leif},
	year={1957},
	publisher={Gumperts}
}

@book{Olsson65,
title={Cavitation in Dynamically Loaded Bearings},
author={Olsson, Karl-Olof},
year={1965},
publisher={Scandinavian Univ. Books}
}

@inproceedings{ElordAdams1975,
author = {Elrod, H. G. and Adams, M. L. },
editor = {D Dowson and M Godet and C M Taylor},
title = {A computer program for cavitation and starvation problems},
booktitle = {Cavitation and Related Phenomena in Lubrication: Proceedings of the First Leeds-Lyon Symposium on Tribology},
year = {1975},
OPTsubtitle = {subtitle},
OPTtitleaddon = {titleaddon},
OPTmaintitle = {maintitle},
OPTmainsubtitle = {mainsubtitle},
OPTmaintitleaddon = {maintitleaddon},
OPTbooksubtitle = {booksubtitle},
OPTbooktitleaddon = {booktitleaddon},
OPTeventtitle = {eventtitle},
OPTeventdate = {eventdate},
OPTvenue = {venue},
OPTlanguage = {language},
OPTvolume = {volume},
OPTpart = {part},
OPTvolumes = {volumes},
OPTseries = {series},
OPTnumber = {number},
OPTnote = {note},
OPTorganization = {organization},
OPTpublisher = {publisher},
OPTlocation = {location},
OPTmonth = {month},
OPTisbn = {isbn},
OPTchapter = {chapter},
pages = {37--42},
OPTaddendum = {addendum},
OPTpubstate = {pubstate},
OPTdoi = {doi},
OPTeprint = {eprint},
OPTeprintclass = {eprintclass},
OPTeprinttype = {eprinttype},
OPTurl = {url},
OPTurldate = {urldate}
}




@article {NME:NME4938,
author = {Chiaramonte, Maurizio M. and Shen, Yongxing and Keer, Leon M. and Lew, Adrian J.},
title = {Computing stress intensity factors for curvilinear cracks},
journal = {International Journal for Numerical Methods in Engineering},
volume = {104},
number = {4},
issn = {1097-0207},
pages = {260--296},
keywords = {Muskhelishvili, hydraulic fracturing, finite element methods},
year = {2015},
}






@article {Ausas,
author = "Ausas, Roberto F. and Jai, Mohammed and Buscaglia, Gustavo C. ",
title ="A Mass-Conserving Algorithm for Dynamical Lubrication Problems With Cavitation",
journal = {ASME, Journal of Tribology},
volume = {131},
number = {3},
pages = {031702},
year = {2009},
}

@article{Buscaglia,
author = "Gustavo C. Buscaglia and Mohamed El Alaoui Talibi and Mohammed Jai",
title = "Mass-conserving cavitation model for dynamical lubrication problems. Part II: Numerical analysis ",
journal = "Mathematics and Computers in Simulation ",
volume = "118",
number = "",
pages = "146--162",
year = "2015",
issn = "0378-4754",
}



@article{Buscaglia15-2,
author = "Gustavo C. Buscaglia and Mohamed El Alaoui Talibi and Mohammed Jai",
title = "Mass-conserving cavitation model for dynamical lubrication problems. {Part I}: Mathematical analysis ",
journal = "Mathematics and Computers in Simulation ",
volume = "118",
number = "",
pages = "130--145",
year = "2015",
issn = "0378-4754",
}



@article{Nitzschke2016175,
author={Nitzschke, S. and Woschke, E. and Schmicker, D. and Strackeljan, J.},
title={Regularised cavitation algorithm for use in transient rotordynamic analysis},
journal={International Journal of Mechanical Sciences},
year={2016},
volume={113},
pages={175-183},
document_type={Article},
}


@article{Bayada1983369,
author={Bayada, G. and Chambat, M.},
title={ANALYSIS OF A FREE BOUNDARY PROBLEM IN PARTIAL LUBRICATION},
journal={Quarterly of Applied Mathematics},
year={1983},
volume={40},
number={4},
pages={369-375},
}


@article{Sneddon1969,
author={IN Sneddon, M Lowengrub},
title={Crack Problems in the Classical Theory of Elasticity},
journal={Wiley, Newyork},
year={1969},

}


@article{Detournay20031,
author={Detournay, E. and Garagash, D. I.},
title={The near-tip region of a fluid-driven fracture propagating in a permeable elastic solid},
journal={Journal of Fluid Mechanics},
year={2003},
number={494},
pages={1-32},
document_type={Article},
source={Scopus},
}


@article{barenblatt1956formation,
  title={On the formation of horizontal cracks in hydraulic fracture of an oil-bearing stratum},
  author={Barenblatt, GI},
  journal={Prikl. Mat. Mech},
  volume={20},
  pages={475--486},
  year={1956}
}


@inproceedings{khristianovic1955formation,
  title={Formation of vertical fractures by means of highly viscous fluids},
  author={Khristianovic, S and Zheltov, Y},
  booktitle={Proc. 4th world petroleum congress, Rome},
  volume={2},
  pages={579--586},
  year={1955}
}


@inproceedings{jeffrey1989combined,
  title={The combined effect of fluid lag and fracture toughness on hydraulic fracture propagation},
  author={Jeffrey, RG and others},
  booktitle={Low Permeability Reservoirs Symposium},
  year={1989},
  organization={Society of Petroleum Engineers}
}


@article{Ger31,
	author={S. Gerschgorin},
	title={{\"U}ber die {A}bgrenzung der {E}igenwerte einer {M}atrix},
	year={1931},
	journal={Bulletin de l'Acad\'emie des Sciences de l'URSS. Classe des sciences math\'ematiques et naturelles},
	volume={6},
	pages={749--754}
}

@article{Metis,
	author = {Karypis, G. and Kumar, V.},
title = {A Fast and High Quality Multilevel Scheme for Partitioning Irregular Graphs},
journal = {SIAM Journal on Scientific Computing},
volume = {20},
number = {1},
pages = {359-392},
year = {1998}
}

@book{Hughes87,
	Author = {T. J. R. Hughes},
	Title = {The Finite Element Method: Linear Static and Dynamic Finite Element Analysis},
	Publisher = {Prentice-Hall},
	Year = {1987},
	Address = {Englewood Cliffs, New Jersey}
}

@book{KirkHwu10,
	Address = {Amsterdam},
	Author = {D. B. Kirk and W. W. Hwu},
	Date-Added = {2013-03-28 09:01:14 +0100},
	Date-Modified = {2013-03-28 09:03:28 +0100},
	Publisher = {Elsevier},
	Title = {Programming Massively Parallel Processors: A Hands-on Approach},
	Year = {2010}}

@article{Miehe10,
	Author = {C. Miehe and F. Welschinger and M. Hofacker},
	Journal = {International Journal for Numerical Methods in Engineering},
	Pages = {1273--1311},
	Title = {Thermodynamically consistent phase-field models of fracture: {V}ariational principles and multi-field {FE} implementations},
	Volume = {83},
	Year = {2010}}


@article{Miehe12,
	Author = {M. Hofacker and C. Miehe},
	Journal = {International Journal for Numerical Methods in Engineering},
	Pages = {276--301},
	Title = {A phase field model of dynamic fracture: {R}obust field updates for the analysis of complex crack patterns},
	Volume = {93},
	Year = {2012}}

@article{Borden201277,
title = "A phase-field description of dynamic brittle fracture",
journal = "Computer Methods in Applied Mechanics and Engineering",
volume = "217--220",
pages = "77--95",
year = "2012",
issn = "0045-7825",
author = "M. J. Borden and C. V. Verhoosel and M. A. Scott and T. J. R. Hughes and C. M. Landis",
keywords = "Phase field",
keywords = "Fracture mechanics",
keywords = "Isogeometric analysis",
keywords = "Adaptive refinement",
keywords = "T-splines"
}

@article{NME:NME2989,
author = {Cecka, C. and Lew, A. J. and Darve, E.},
title = {Assembly of finite element methods on graphics processors},
journal = {International Journal for Numerical Methods in Engineering},
volume = {85},
number = {5},
publisher = {John Wiley & Sons, Ltd.},
issn = {1097-0207},
pages = {640--669},
keywords = {finite element method, FEM, GPGPU, GPU, CUDA, multicore, high-performance computing},
year = {2011},
}

@article{Borden2014100,
title = "A higher-order phase-field model for brittle fracture: Formulation and analysis within the isogeometric analysis framework ",
journal = "Computer Methods in Applied Mechanics and Engineering ",
volume = "273",
pages = "100--118",
year = "2014",
note = "",
issn = "0045-7825",
author = "Michael J. Borden and Thomas J.R. Hughes and Chad M. Landis and Clemens V. Verhoosel",
keywords = "Phase-field",
keywords = "Fracture",
keywords = "Isogeometric analysis",
keywords = "Higher-order models "
}

@article {NME:NME726,
author = {Mo\"es‏, Nicolas and Dolbow, John and Belytschko, Ted},
title = {A finite element method for crack growth without remeshing},
journal = {International Journal for Numerical Methods in Engineering},
volume = {46},
number = {1},
publisher = {John Wiley & Sons, Ltd.},
issn = {1097-0207},
pages = {131--150},
keywords = {finite elements, fracture},
year = {1999},
}

@article{DelPiero20072513,
title = "A variational model for fracture mechanics: Numerical experiments ",
journal = "Journal of the Mechanics and Physics of Solids ",
volume = "55",
number = "12",
pages = "2513--2537",
year = "2007",
note = "",
issn = "0022-5096",
author = "Gianpietro {Del Piero} and Giovanni Lancioni and Riccardo March",
keywords = "Fracture mechanics",
keywords = "Energy methods",
keywords = "Variational calculus",
keywords = "Free-boundary problems",
keywords = "Finite elements "
}

@article{Amor20091209,
title = "Regularized formulation of the variational brittle fracture with unilateral contact: Numerical experiments ",
journal = "Journal of the Mechanics and Physics of Solids ",
volume = "57",
number = "8",
pages = "1209--1229",
year = "2009",
note = "",
issn = "0022-5096",
author = "Hanen Amor and Jean-Jacques Marigo and Corrado Maurini",
keywords = "Fracture",
keywords = "Energy methods",
keywords = "Free-discontinuity problems",
keywords = "Contact mechanics",
keywords = "Finite elements "
}

@article{Charlotte2006649,
title = "Initiation of cracks with cohesive force models: A variational approach ",
journal = "European Journal of Mechanics - A/Solids ",
volume = "25",
number = "4",
pages = "649--669",
year = "2006",
issn = "0997-7538",
author = "Miguel Charlotte and J\'er\^ome Laverne and Jean-Jacques Marigo",
keywords = "Fracture",
keywords = "Calculus of Variations",
keywords = "Stability",
keywords = "Cohesive forces",
keywords = "Yield stress "
}

@article{Chambolle20091614,
title = "When and how do cracks propagate? ",
journal = "Journal of the Mechanics and Physics of Solids ",
volume = "57",
number = "9",
pages = "1614--1622",
year = "2009",
note = "",
issn = "0022-5096",
author = "A. Chambolle and G. A. Francfort and J.-J. Marigo",
keywords = "Fracture mechanics",
keywords = "Variational methods",
keywords = "Stability "
}

@article{Freddi20101154,
title = "Regularized variational theories of fracture: A unified approach ",
journal = "Journal of the Mechanics and Physics of Solids ",
volume = "58",
number = "8",
pages = "1154--1174",
year = "2010",
note = "",
issn = "0022-5096",
author = "Francesco Freddi and Gianni Royer-Carfagni",
keywords = "Fracture mechanics",
keywords = "Damage mechanics",
keywords = "Variational calculus",
keywords = "Free-discontinuity problem",
keywords = "Structured deformations "
}

@article{Pham20111163,
title = "The issues of the uniqueness and the stability of the homogeneous response in uniaxial tests with gradient damage models ",
journal = "Journal of the Mechanics and Physics of Solids ",
volume = "59",
number = "6",
pages = "1163--1190",
year = "2011",
note = "",
issn = "0022-5096",
author = "Kim Pham and Jean-Jacques Marigo and Corrado Maurini",
keywords = "Damage mechanics",
keywords = "Gradient damage model",
keywords = "Variational methods",
keywords = "Stability",
keywords = "Bifurcation "
}

@article{daSilvaJr20132178,
title = "Sharp-crack limit of a phase-field model for brittle fracture ",
journal = "Journal of the Mechanics and Physics of Solids ",
volume = "61",
number = "11",
pages = "2178--2195",
year = "2013",
note = "",
issn = "0022-5096",
author = "da Silva, Jr., Milton N. and Fernando P. Duda and Eliot Fried",
keywords = "Crack propagation",
keywords = "Configurational forces",
keywords = "J-integral",
keywords = "Griffith criterion",
keywords = "Internal constraints "
}

@article{Shen20102360,
title = "Stability and convergence proofs for a discontinuous-{G}alerkin-based extended finite element method for fracture mechanics ",
journal = "Computer Methods in Applied Mechanics and Engineering ",
volume = "199",
number = "37--40",
pages = "2360--2382",
year = "2010",
note = "",
issn = "0045-7825",
author = "Yongxing Shen and Adrian Lew",
keywords = "Extended finite element method",
keywords = "Fracture mechanics",
keywords = "Discontinuous Galerkin",
keywords = "Inf–sup condition "
}

@article{Shen2014119,
title = "A locking-free and optimally convergent discontinuous-{G}alerkin-based extended finite element method for cracked nearly incompressible solids ",
journal = "Computer Methods in Applied Mechanics and Engineering ",
volume = "273",
pages = "119--142",
year = "2014",
note = "",
issn = "0045-7825",
author = "Yongxing Shen and Adrian J. Lew",
keywords = "Extended finite element method",
keywords = "Discontinuous Galerkin",
keywords = "Fracture",
keywords = "Lifting operator",
keywords = "Locking",
keywords = "Nearly incompressible "
}

@article{Amiri2014102,
title = "Phase-field modeling of fracture in linear thin shells ",
journal = "Theoretical and Applied Fracture Mechanics ",
volume = "69",
pages = "102--109",
year = "2014",
issn = "0167-8442",
author = "F. Amiri and D. Mill\'an and Y. Shen and T. Rabczuk and M. Arroyo",
keywords = "Phase-field model",
keywords = "Meshfree method",
keywords = "Thin shells",
keywords = "Local maximum entropy",
keywords = "Point-set surfaces",
keywords = "Manifold learning "
}

@article{DalMaso2010257,
title = "Quasistatic crack growth in finite elasticity with non-interpenetration ",
journal = "Annales de l'Institut Henri Poincare (C) Non Linear Analysis ",
volume = "27",
number = "1",
pages = "257--290",
year = "2010",
note = "",
issn = "0294-1449",
author = "Gianni {Dal Maso} and Giuliano Lazzaroni",
keywords = "Variational models",
keywords = "Energy minimization",
keywords = "Free-discontinuity problems",
keywords = "Polyconvexity",
keywords = "Quasistatic evolution",
keywords = "Rate-independent processes",
keywords = "Brittle fracture",
keywords = "Crack propagation",
keywords = "Griffith's criterion",
keywords = "Finite elasticity",
keywords = "Non-interpenetration "
}

@article{Voyiadjis20133136,
title = "Nonlocal damage model using the phase field method: Theory and applications ",
journal = "International Journal of Solids and Structures ",
volume = "50",
number = "20--21",
pages = "3136--3151",
year = "2013",
note = "",
issn = "0020-7683",
author = "George Z. Voyiadjis and Navid Mozaffari",
keywords = "Damage",
keywords = "Nonlocal",
keywords = "Phase field",
keywords = "Isotropic material",
keywords = "Allen–Cahn equation "
}

@article{
year={2014},
issn={0178-7675},
journal={Computational Mechanics},
volume={54},
number={2},
publisher={Springer Berlin Heidelberg},
keywords={XFEM; Dynamic fracture mechanics; Mass lumping; Crack branching},
author={Xu, Dandan and Liu, Zhanli and Liu, Xiaoming and Zeng, Qinglei and Zhuang, Zhuo},
pages={489--502},
language={English}
}

@article{
year={2012},
issn={0376-9429},
journal={International Journal of Fracture},
volume={178},
number={1-2},
publisher={Springer Netherlands},
keywords={Dynamic fracture; Crack branching; Phase field modeling; Coupled multi-field problems; Incremental variational principles},
author={Hofacker, Martina and Miehe, Christian},
pages={113--129},
language={English}
}

@article{Gomez2014153,
title = "Accurate, efficient, and (iso)geometrically flexible collocation methods for phase-field models ",
journal = "Journal of Computational Physics ",
volume = "262",
pages = "153--171",
year = "2014",
note = "",
issn = "0021-9991",
author = "Hector Gomez and Alessandro Reali and Giancarlo Sangalli",
keywords = "Collocation",
keywords = "Cahn–Hilliard equation",
keywords = "\{NURBS\}",
keywords = "Isogeometric analysis",
keywords = "Phase-field models "
}

@article{Hakim2009342,
title = "Laws of crack motion and phase-field models of fracture ",
journal = "Journal of the Mechanics and Physics of Solids ",
volume = "57",
number = "2",
pages = "342--368",
year = "2009",
note = "",
issn = "0022-5096",
author = "Vincent Hakim and Alain Karma",
keywords = "Fracture",
keywords = "Phase field",
keywords = "Anisotropy",
keywords = "Eshelby tensor",
keywords = "Herring torque "
}

@article{Kuhn20103625,
title = "A continuum phase field model for fracture ",
journal = "Engineering Fracture Mechanics ",
volume = "77",
number = "18",
pages = "3625--3634",
year = "2010",
issn = "0013-7944",
author = {Charlotte Kuhn and Ralf M\"uller},
keywords = "Fracture",
keywords = "Phase field",
keywords = "Energy-momentum tensor (Eshelby tensor)",
keywords = "Energy release rate",
keywords = "J-integral",
keywords = "Finite elements "
}

@article {NME:NME4553,
author = {Verhoosel, Clemens V. and de Borst, Ren\'e},
title = {A phase-field model for cohesive fracture},
journal = {International Journal for Numerical Methods in Engineering},
volume = {96},
number = {1},
issn = {1097-0207},
pages = {43--62},
keywords = {cohesive fracture, phase-field models, fracture, cracking, damage, gradient models},
year = {2013},
}
@article{GonzalezFerreiro20142309,
title = "A thermodynamically consistent numerical method for a phase field model of solidification ",
journal = "Communications in Nonlinear Science and Numerical Simulation ",
volume = "19",
number = "7",
pages = "2309--2323",
year = "2014",
note = "",
issn = "1007-5704",
author = "B. Gonzalez-Ferreiro and H. Gomez and I. Romero",
keywords = "Phase-field",
keywords = "Solidification",
keywords = "Time integration",
keywords = "Nonlinear stability",
keywords = "Structure preservation "
}

@article{Jamshidian201423,
title = "Phase field modelling of stressed grain growth: Analytical study and the effect of microstructural length scale ",
journal = "Journal of Computational Physics ",
volume = "261",
pages = "23--35",
year = "2014",
note = "",
issn = "0021-9991",
author = "M. Jamshidian and T. Rabczuk",
keywords = "Stressed grain growth",
keywords = "Phase field modelling",
keywords = "Analytical method",
keywords = "Polycrystalline microstructure",
keywords = "Microstructural length scale "
}

@article {NME:NME2861,
author = {Miehe, C. and Welschinger, F. and Hofacker, M.},
title = {Thermodynamically consistent phase-field models of fracture: Variational principles and multi-field {FE} implementations},
journal = {International Journal for Numerical Methods in Engineering},
volume = {83},
number = {10},
publisher = {John Wiley & Sons, Ltd.},
issn = {1097-0207},
pages = {1273--1311},
keywords = {fracture, crack propagation, phase-fields, gradient-type damage, incremental variational principles, finite elements, coupled multi-field problems},
year = {2010},
}
@article {NME:NME4387,
author = {Hofacker, M. and Miehe, C.},
title = {A phase field model of dynamic fracture: Robust field updates for the analysis of complex crack patterns},
journal = {International Journal for Numerical Methods in Engineering},
volume = {93},
number = {3},
publisher = {John Wiley & Sons, Ltd},
issn = {1097-0207},
pages = {276--301},
keywords = {dynamic fracture, crack branching, phase field modeling, coupled multi-field problems, incremental variational principles},
year = {2013},
}
@article {PAMM:PAMM201210076,
author = {Ulmer, Heike and Hofacker, Martina and Miehe, Christian},
title = {Phase Field Modeling of Fracture in Plates and Shells},
journal = {Proceedings in Applied Mathematics and Mechanics},
volume = {12},
number = {1},
publisher = {WILEY-VCH Verlag},
issn = {1617-7061},
pages = {171--172},
year = {2012},
}

@article{Xu,
year={2014},
issn={0178-7675},
journal={Computational Mechanics},
volume={54},
number={2},
title={Modeling of dynamic crack branching by enhanced extended finite element method},
publisher={Springer Berlin Heidelberg},
keywords={XFEM; Dynamic fracture mechanics; Mass lumping; Crack branching},
author={Xu, Dandan and Liu, Zhanli and Liu, Xiaoming and Zeng, Qinglei and Zhuang, Zhuo},
pages={489--502},
language={English}
}
@article{PhysRevE.75.066111,
  title = {Phase field modeling of fracture and stress-induced phase transitions},
  author = {Spatschek, R. and M\"uller-Gugenberger, C. and Brener, E. and Nestler, B.},
  journal = {Phys. Rev. E},
  volume = {75},
  issue = {6},
  pages = {066111},
  numpages = {14},
  year = {2007},
  month = {Jun},
  publisher = {American Physical Society},
}

@article {NME:NME2781,
author = {Shen, Yongxing and Lew, Adrian},
title = {An optimally convergent discontinuous {G}alerkin-based extended finite element method for fracture mechanics},
journal = {International Journal for Numerical Methods in Engineering},
volume = {82},
number = {6},
publisher = {John Wiley & Sons, Ltd.},
issn = {1097-0207},
pages = {716--755},
keywords = {solids, extended finite element method, discontinuous Galerkin, fracture, lifting operator, immersed boundary method},
year = {2010},
}

@article {NME:NME4731,
author = {Rangarajan, Ramsharan and Chiaramonte, Maurizio M. and Hunsweck, Michael J. and Shen, Yongxing and Lew, Adrian J.},
title = {Simulating curvilinear crack propagation in two dimensions with universal meshes},
journal = {International Journal for Numerical Methods in Engineering},
issn = {1097-0207},
doi = {10.1002/nme.4731},
keywords = {hydraulic fracture, meshing, r-adaptivity},
year = {2014},
}


@incollection{Larsen,
year={2010},
isbn={978-90-481-9194-9},
booktitle={IUTAM Symposium on Variational Concepts with Applications to the Mechanics of Materials},
volume={21},
series={IUTAM Bookseries},
editor={Hackl, Klaus},
title={Models for Dynamic Fracture Based on {G}riffith's Criterion},
publisher={Springer Netherlands},
author={Larsen, ChristopherJ.},
pages={131--140},
language={English}
}

@article{Larsen2,
year={2011},
issn={0376-9429},
journal={International Journal of Fracture},
volume={168},
number={2},
title={A time-discrete model for dynamic fracture based on crack regularization},
publisher={Springer Netherlands},
keywords={Dynamic fracture; Phase field; Griffith’s criterion; Crack regularization; Variational fracture},
author={Bourdin, Blaise and Larsen, ChristopherJ. and Richardson, CaseyL.},
pages={133--143},
language={English}
}

@article{JJMarigo,
year={2010},
issn={0938-8974},
journal={Journal of Nonlinear Science},
volume={20},
number={6},
title={Initiation of Cracks in {G}riffith's Theory: An Argument of Continuity in Favor of Global Minimization},
publisher={Springer-Verlag},
keywords={Fracture; Stability; Energy minimization; Variational methods; 35A15; 35B40; 74A45; 74G70; 74R10},
author={Marigo, Jean-Jacques},
pages={831--868},
language={English}
}

@article{PhysRevLett.87.045501,
  title = {Phase-Field Model of Mode {III} Dynamic Fracture},
  author = {Karma, Alain and Kessler, David A. and Levine, Herbert},
  journal = {Phys. Rev. Lett.},
  volume = {87},
  issue = {4},
  pages = {045501},
  numpages = {4},
  year = {2001},
  month = {Jul},
  publisher = {American Physical Society},
}

@article{Martina,
year={2012},
issn={0376-9429},
journal={International Journal of Fracture},
volume={178},
number={1--2},
title={Continuum phase field modeling of dynamic fracture: Variational principles and staggered {FE} implementation},
publisher={Springer Netherlands},
keywords={Dynamic fracture; Crack branching; Phase field modeling; Coupled multi-field problems; Incremental variational principles},
author={Hofacker, Martina and Miehe, Christian},
pages={113--129},
language={English}
}

@article {PAMM:PAMM201310258,
author = {Ulmer, Heike and Hofacker, Martina and Miehe, Christian},
title = {Phase Field Modeling of Brittle and Ductile Fracture},
journal = {Proceedings of Applied Mathematics and Mechanics},
volume = {13},
number = {1},
publisher = {WILEY-VCH Verlag},
issn = {1617-7061},
pages = {533--536},
year = {2013},
}

@article{lew2004overview,
  title={An overview of variational integrators},
  author={Lew, Adrian and Marsden, Jerrold E and Ortiz, Michael and West, Matthew},
  year={2004},
  publisher={International Center for Numerical Methods in Engineering (CIMNE)}
}

@book{detournay1995fundamentals,
  title={Fundamentals of Poroelasticity},
  author={Detournay, Emmanuel and Cheng, Alexander H-D},
  booktitle={Analysis and design methods},
  pages={113--171},
  year={1995},
  publisher={Elsevier}
}

@phdthesis{Chukwudozie-2016a,
        Address = {Craft \& Hawkins Department of Petroleum Engineering},
        Author = {Chukwudozie, C.},
        School = {Louisiana State University},
        Title = {Application of the Variational Fracture Model to Hydraulic Fracturing in Poroelastic Media},
        Year = {2016}}

@article{miehe2010phase,
  title={A phase field model for rate-independent crack propagation: Robust algorithmic implementation based on operator splits},
  author={Miehe, Christian and Hofacker, Martina and Welschinger, Fabian},
  journal={Computer Methods in Applied Mechanics and Engineering},
  volume={199},
  number={45-48},
  pages={2765--2778},
  year={2010},
  publisher={Elsevier}
}

@Article{Bilgen2018,
author="Bilgen, Carola
and Kopani{\v{c}}{\'a}kov{\'a}, Alena
and Krause, Rolf
and Weinberg, Kerstin",
title="A phase-field approach to conchoidal fracture",
journal="Meccanica",
year="2018",
month="Apr",
day="01",
volume="53",
number="6",
pages="1203--1219",
issn="1572-9648",
doi="10.1007/s11012-017-0740-z",
url="https://doi.org/10.1007/s11012-017-0740-z"
}

@article{ambrosio1992approximation,
  title={On the approximation of functionals depending on jumps by quadratic, elliptic functionals},
  author={Ambrosio, L and Tortorelli, V. M.},
  journal={Bollettino dell'Unione Matematica Italiana},
  volume={6},
  pages={105--123},
  year={1992}
}

@article{ZHU2013179,
title = "Numerical modeling on destress blasting in coal seam for enhancing gas drainage",
journal = "International Journal of Rock Mechanics and Mining Sciences",
volume = "59",
pages = "179 - 190",
year = "2013",
issn = "1365-1609",
author = "W.C. Zhu and C.H. Wei and S. Li and J. Wei and M.S. Zhang",
keywords = "Coal seam, Destress blasting, Gas drainage, Blasting stress wave, Blasting damage, Numerical simulation"
}

@book{ambrosio1990approximation,
  title={On the Approximation of Free Discontinuity Problems},
  author={Ambrosio, Luigi and Tortorelli, Vincenzo Maria},
  year={1990},
  publisher={Scuola Normale Superiore}
}

@article{PILLAI201836,
title = "A diffusive dynamic brittle fracture model for heterogeneous solids and porous materials with implementation using a user-element subroutine",
journal = "Computational Materials Science",
volume = "153",
pages = "36 - 47",
year = "2018",
issn = "0927-0256",
author = "Udit Pillai and Yousef Heider and Bernd Markert",
keywords = "Hydraulic fracturing, Phase-field modelling, Porous media, ABAQUS user subroutines, Weibull distribution"
}

@article{haimson1967initiation,
  title={Initiation and extension of hydraulic fractures in rocks},
  author={Haimson, Bezalel and Fairhurst, Charles},
  journal={Society of Petroleum Engineers Journal},
  volume={7},
  number={03},
  pages={310--318},
  year={1967},
  publisher={Society of Petroleum Engineers}
}

@book{hubbert1972mechanics,
  title={Mechanics of Hydraulic Fracturing},
  author={Hubbert, M King and Willis, David G},
  year={1972},
  publisher={AAPG Special Volumes}
}

@article{TANNE201880,
title = "Crack nucleation in variational phase-field models of brittle fracture",
journal = "Journal of the Mechanics and Physics of Solids",
volume = "110",
pages = "80 - 99",
year = "2018",
issn = "0022-5096",
doi = "https://doi.org/10.1016/j.jmps.2017.09.006",
url = "http://www.sciencedirect.com/science/article/pii/S0022509617306543",
author = "E. Tanné and T. Li and B. Bourdin and J.-J. Marigo and C. Maurini",
keywords = "Phase-field models of fracture, Crack nucleation, Size effects in brittle materials, Validation & verification, Gradient damage models, Smeared crack models"
}

@article{middleton2015shale,
  title={Shale gas and non-aqueous fracturing fluids: Opportunities and challenges for supercritical {CO$_2$}},
  author={Middleton, Richard S and Carey, J William and Currier, Robert P and Hyman, Jeffrey D and Kang, Qinjun and Karra, Satish and Jim{\'e}nez-Mart{\'\i}nez, Joaqu{\'\i}n and Porter, Mark L and Viswanathan, Hari S},
  journal={Applied Energy},
  volume={147},
  pages={500--509},
  year={2015},
  publisher={Elsevier}
}

@article{ishida2012acoustic,
  title={Acoustic emission monitoring of hydraulic fracturing laboratory experiment with supercritical and liquid {CO$_2$}},
  author={Ishida, Tsuyoshi and Aoyagi, Kazuhei and Niwa, Tomoya and Chen, Youqing and Murata, Sumihiko and Chen, Qu and Nakayama, Yoshiki},
  journal={Geophysical Research Letters},
  volume={39},
  number={16},
  year={2012},
  pages={L16309},
  publisher={Wiley Online Library}
}

@article{ishida2016features,
  title={Features of {CO$_2$} fracturing deduced from acoustic emission and microscopy in laboratory experiments},
  author={Ishida, Tsuyoshi and Chen, Youqing and Bennour, Ziad and Yamashita, Hiroto and Inui, Shuhei and Nagaya, Yuya and Naoi, Makoto and Chen, Qu and Nakayama, Yoshiki and Nagano, Yu},
  journal={Journal of Geophysical Research: Solid Earth},
  volume={121},
  number={11},
  pages={8080--8098},
  year={2016},
  publisher={Wiley Online Library}
}

@article{wang2018influence,
  title={The Influence of Fracturing Fluids on Fracturing Processes: A Comparison Between Water, Oil and {SC-CO$_2$}},
  author={Wang, Jiehao and Elsworth, Derek and Wu, Yu and Liu, Jishan and Zhu, Wancheng and Liu, Yu},
  journal={Rock Mechanics and Rock Engineering},
  volume={51},
  number={1},
  pages={299--313},
  year={2018},
  publisher={Springer}
}

@article{zhou2014fluid,
  title={Fluid effect on hydraulic fracture propagation behavior: A comparison between water and supercritical {CO$_2$}-like fluid},
  author={Zhou, Xuejun and Burbey, Thomas J},
  journal={Geofluids},
  volume={14},
  number={2},
  pages={174--188},
  year={2014},
  publisher={Wiley Online Library}
}

@article{moes1999finite,
  title={A finite element method for crack growth without remeshing},
  author={Mo{\"e}s, Nicolas and Dolbow, John and Belytschko, Ted},
  journal={International Journal for Numerical Methods in Engineering},
  volume={46},
  number={1},
  pages={131--150},
  year={1999},
  publisher={Wiley Online Library}
}
@inproceedings{bourdin2012variational,
  title={A variational approach to the numerical simulation of hydraulic fracturing},
  author={Bourdin, Blaise and Chukwudozie, Chukwudi Paul and Yoshioka, Keita},
  booktitle={SPE Annual Technical Conference and Exhibition},
  year={2012},
  pages={SPE-159154-MS},
  organization={Society of Petroleum Engineers}
}
@article{yoshioka2016variational,
  title={A variational hydraulic fracturing model coupled to a reservoir simulator},
  author={Yoshioka, Keita and Bourdin, Blaise},
  journal={International Journal of Rock Mechanics and Mining Sciences},
  volume={88},
  pages={137--150},
  year={2016},
  publisher={Elsevier}
}

@article{mauthe2017hydraulic,
  title={Hydraulic fracture in poro-hydro-elastic media},
  author={Mauthe, Steffen and Miehe, Christian},
  journal={Mechanics Research Communications},
  volume={80},
  pages={69--83},
  year={2017},
  publisher={Elsevier}
}
@article{heider2017phase,
  title={A phase-field modeling approach of hydraulic fracture in saturated porous media},
  author={Heider, Y and Markert, B},
  journal={Mechanics Research Communications},
  volume={80},
  pages={38--46},
  year={2017},
  publisher={Elsevier}
}
@article{ehlers2017phase,
  title={A phase-field approach embedded in the Theory of Porous Media for the description of dynamic hydraulic fracturing},
  author={Ehlers, Wolfgang and Luo, Chenyi},
  journal={Computer Methods in Applied Mechanics and Engineering},
  volume={315},
  pages={348--368},
  year={2017},
  publisher={Elsevier}
}
@article{heider2017modelling,
  title={Modelling of hydraulic fracturing and fluid flow change in saturated porous domains},
  author={Heider, Yousef and Markert, Bernd},
  journal={Proc.~Appl.~Math.~Mech.},
  volume={17},
  number={1},
  pages={95--98},
  year={2017},
  publisher={Wiley Online Library}
}

@article{wick2016fluid,
  title={Fluid-filled fracture propagation with a phase-field approach and coupling to a reservoir simulator},
  author={Wick, Thomas and Singh, Gurpreet and Wheeler, Mary F},
  journal={SPE Journal},
  volume={21},
  number={03},
  pages={981--999},
  year={2016},
  publisher={Society of Petroleum Engineers}
}

@inproceedings{brown2000hot,
  title={A hot dry rock geothermal energy concept utilizing supercritical {CO$_2$} instead of water},
  author={Brown, Donald W},
  booktitle={Proceedings of the twenty-fifth workshop on geothermal reservoir engineering, Stanford University},
  pages={233--238},
  year={2000}
}

@book{Logg2012,
author="Logg, Anders
and Wells, Garth N.
and Hake, Johan",
title="DOLFIN: A C++/Python Finite Element Library",
bookTitle="Automated Solution of Differential Equations by the Finite Element Method: The FEniCS Book",
year="2012",
publisher="Springer Berlin Heidelberg",
address="Berlin, Heidelberg",
abstract="DOLFIN is a C++/Python library that functions as the main user interface of FEniCS. In this 4806 chapter, we review the functionality of DOLFIN. We also discuss the implementation of some key 4807 features of DOLFIN in detail.",
isbn="978-3-642-23099-8",
}

@inproceedings{amestoy2000mumps,
  title={{MUMPS}: A general purpose distributed memory sparse solver},
  author={Amestoy, Patrick R and Duff, Iain S and L’Excellent, Jean-Yves and Koster, Jacko},
  booktitle={International Workshop on Applied Parallel Computing},
  pages={121--130},
  year={2000},
  organization={Springer}
}

@article{bilgen2018phase,
  title={A phase-field approach to conchoidal fracture},
  author={Bilgen, Carola and Kopani{\v{c}}{\'a}kov{\'a}, Alena and Krause, Rolf and Weinberg, Kerstin},
  journal={Meccanica},
  volume={53},
  number={6},
  pages={1203--1219},
  year={2018},
  publisher={Springer}
}

@techreport{munson2014toolkit,
  title={Toolkit for Advanced Optimization {(TAO)} Users Manual},
  author={Munson, T and Sarich, J and Wild, S and Benson, S and McInnes, LC},
  year={2014},
  institution={Technical Report No. ANL/MCS-TM-322-Revision 3.5 (Argonne National Laboratory, 2014)}
}

         @TechReport{petsc-user-ref,
            author = {Satish Balay and Shrirang Abhyankar and Mark~F. Adams and Jed Brown and Peter Brune
                      and Kris Buschelman and Lisandro Dalcin and Victor Eijkhout and William~D. Gropp
                      and Dinesh Kaushik and Matthew~G. Knepley and Dave~A. May and Lois Curfman McInnes
                      and Richard Tran Mills and Todd Munson and Karl Rupp and Patrick Sanan
                      and Barry~F. Smith and Stefano Zampini and Hong Zhang and Hong Zhang},
            title  = {{PETS}c Users Manual},
            institution = {Argonne National Laboratory},
            year   = 2018,
            number = {ANL-95/11 - Revision 3.9},
          }

@article{ZHOU2018174,
title = "Phase field modelling of crack propagation, branching and coalescence in rocks",
journal = "Theoretical and Applied Fracture Mechanics",
volume = "96",
pages = "174 - 192",
year = "2018",
issn = "0167-8442",
author = "Shuwei Zhou and Xiaoying Zhuang and Hehua Zhu and Timon Rabczuk",
keywords = "Phase field, Rock, COMSOL, Crack propagation, Crack branching"
}

@inproceedings{detournay1988poroelastic,
  title={Poroelastic response of a borehole in a non-hydrostatic stress field},
  author={Detournay, E and Cheng, AH-D},
  booktitle={International Journal of Rock Mechanics and Mining Sciences \& Geomechanics Abstracts},
  volume={25},
  pages={171--182},
  year={1988},
  organization={Elsevier}
}

@article{ZHOU2018174,
title = "Phase field modelling of crack propagation, branching and coalescence in rocks",
journal = "Theoretical and Applied Fracture Mechanics",
volume = "96",
pages = "174 - 192",
year = "2018",
issn = "0167-8442",
author = "Shuwei Zhou and Xiaoying Zhuang and Hehua Zhu and Timon Rabczuk",
keywords = "Phase field, Rock, COMSOL, Crack propagation, Crack branching"
}

@article{lu2013microcrack,
  title={Microcrack-based coupled damage and flow modeling of fracturing evolution in permeable brittle rocks},
  author={Lu, Y L and Elsworth, D and Wang, L G},
  journal={Computers and Geotechnics},
  volume={49},
  pages={226--244},
  year={2013},
  publisher={Elsevier}
}

@article{lee2016phase,
  title={Phase-field modeling of proppant-filled fractures in a poroelastic medium},
  author={Lee, Sanghyun and Mikeli{\'c}, Andro and Wheeler, Mary F and Wick, Thomas},
  journal={Computer Methods in Applied Mechanics and Engineering},
  volume={312},
  pages={509--541},
  year={2016},
  publisher={Elsevier}
}

@article{miller1976fracturing,
  title={Fracturing oil shale with explosives for in situ recovery},
  author={Miller, JS and Johansen, Robert T},
  journal={Shale Oil, Tar Sands, and Related Fuel Sources},
  pages={98--111},
  year={1976}
}

@article{WANG2016160,
title = "Waterless fracturing technologies for unconventional reservoirs--opportunities for liquid nitrogen",
journal = "Journal of Natural Gas Science and Engineering",
volume = "35",
pages = "160--174",
year = "2016",
issn = "1875-5100",
author = "Lei Wang and Bowen Yao and Minsu Cha and Naif B. Alqahtani and Taylor W. Patterson and Timothy J. Kneafsey and Jennifer L. Miskimins and Xiaolong Yin and Yu-Shu Wu",
keywords = "Hydraulic fracturing, Shale, Tight sandstone, Waterless fracturing, Cryogenic fracturing, Liquid nitrogen"
}

@Article{Steinke2017,
author="Steinke, Christian
and Zreid, Imadeddin
and Kaliske, Michael",
title="On the relation between phase-field crack approximation and gradient damage modelling",
journal="Computational Mechanics",
year="2017",
month="May",
day="01",
volume="59",
number="5",
pages="717--735",
abstract="The finite element implementation of a gradient enhanced microplane damage model is compared to a phase-field model for brittle fracture. Phase-field models and implicit gradient damage models share many similarities despite being conceived from very different standpoints. In both approaches, an additional differential equation and a length scale are introduced. However, while the phase-field method is formulated starting from the description of a crack in fracture mechanics, the gradient method starts from a continuum mechanics point of view. At first, the scope of application for both models is discussed to point out intersections. Then, the analysis of the employed mathematical methods and their rigorous comparison are presented. Finally, numerical examples are introduced to illustrate the findings of the comparison which are summarized in a conclusion at the end of the paper.",
issn="1432-0924",
}

@inproceedings{ngo1967finite,
  title={Finite element analysis of reinforced concrete beams},
  author={Ngo, D. and Scordelis, A C},
  booktitle={International Concrete Abstracts Portal},
  volume={64},
  number={3},
  pages={152--163},
  year={1967}
}

@article{verhoosel2011isogeometric,
  title={An isogeometric analysis approach to gradient damage models},
  author={Verhoosel, Clemens V and Scott, Michael A and Hughes, Thomas JR and De Borst, Rene},
  journal={International Journal for Numerical Methods in Engineering},
  volume={86},
  number={1},
  pages={115--134},
  year={2011},
  publisher={Wiley Online Library}
}

@article{HEIDER2018116,
title = "Modeling of hydraulic fracturing using a porous-media phase-field approach with reference to experimental data",
journal = "Engineering Fracture Mechanics",
volume = "202",
pages = "116 - 134",
year = "2018",
issn = "0013-7944",
doi = "https://doi.org/10.1016/j.engfracmech.2018.09.010",
url = "http://www.sciencedirect.com/science/article/pii/S0013794418306192",
author = "Yousef Heider and Sönke Reiche and Philipp Siebert and Bernd Markert",
keywords = "Hydraulic fracturing, Phase-field model, Porous media, Enhanced geothermal systems, Rock fracturing experiment"
}

@inproceedings{culp2017phase,
  title={Phase-Field Modeling of Fracture in {CO$_2$} Sequestration},
  author={Culp, D and Tupek, MR and Newell, P and Hubler, MH and others},
  booktitle={51st US Rock Mechanics/Geomechanics Symposium},
  year={2017},
  pages={ARMA-2017-0644},
  organization={American Rock Mechanics Association}
}

@article{mikelic2014phase,
  title={Phase-field modeling of pressurized fractures in a poroelastic medium},
  author={Mikeli\'{c}, ANDRO and Wheeler, MARY F and Wick, THOMAS},
  journal={ICES Report},
  pages={14--18},
  year={2014}
}

@article{tanne2018crack,
  title={Crack nucleation in variational phase-field models of brittle fracture},
  author={Tann{\'e}, Erwan and Li, Tianyi and Bourdin, Blaise and Marigo, J-J and Maurini, Corrado},
  journal={Journal of the Mechanics and Physics of Solids},
  volume={110},
  pages={80--99},
  year={2018},
  publisher={Elsevier}
}

@article{tong2010fully,
  title={A fully coupled thermo-hydro-mechanical model for simulating multiphase flow, deformation and heat transfer in buffer material and rock masses},
  author={Tong, Fuguo and Jing, Lanru and Zimmerman, Robert W},
  journal={International Journal of Rock Mechanics and Mining Sciences},
  volume={47},
  number={2},
  pages={205--217},
  year={2010},
  publisher={Elsevier}
}

@article{bottcher2012non,
  title={Non-isothermal, compressible gas flow for the simulation of an enhanced gas recovery application},
  author={B{\"o}ttcher, N and Singh, A-K and Kolditz, Olaf and Liedl, R},
  journal={Journal of Computational and Applied Mathematics},
  volume={236},
  number={18},
  pages={4933--4943},
  year={2012},
  publisher={Elsevier}
}

@article{chu2017study,
  title={Study the dynamic crack path in brittle material under thermal shock loading by phase field modeling},
  author={Chu, Dongyang and Li, Xiang and Liu, Zhanli},
  journal={International Journal of Fracture},
  volume={208},
  number={1-2},
  pages={115--130},
  year={2017},
  publisher={Springer}
}

@article{mahmoud2014development,
  title={Development of a new correlation of gas compressibility factor (Z-factor) for high pressure gas reservoirs},
  author={Mahmoud, Mohamed},
  journal={Journal of Energy Resources Technology},
  volume={136},
  number={1},
  pages={012903},
  year={2014},
  publisher={American Society of Mechanical Engineers}
}

@Inbook{Nield2017,
author="Nield, Donald A.
and Bejan, Adrian",
title="Internal Natural Convection: Heating from Below",
bookTitle="Convection in Porous Media",
year="2017",
publisher="Springer International Publishing",
address="Cham",
pages="241--361",
abstract="Detailed studies of some material in this chapter have been made in the books by Straughan (2008, 2015a, b, c, d).",
isbn="978-3-319-49562-0"
}

@book{lewis1998finite,
  title={The finite element method in the static and dynamic deformation and consolidation of porous media},
  author={Lewis, Roland Wynne and Schrefler, Bernard A},
  volume={2},
  year={1998},
  publisher={Wiley Chichester}
}

@article{khoei2012thermo,
  title={Thermo-hydro-mechanical modeling of impermeable discontinuity in saturated porous media with {X-FEM} technique},
  author={Khoei, AR and Moallemi, S and Haghighat, E},
  journal={Engineering Fracture Mechanics},
  volume={96},
  pages={701--723},
  year={2012},
  publisher={Elsevier}
}

@article{merxhani2016introduction,
  title={An introduction to linear poroelasticity. arXiv preprint arXiv: 160704274 Google Scholar},
  author={Merxhani, A},
  year={2016}
}

@article{heider2018modeling,
  title={Modeling of hydraulic fracturing using a porous-media phase-field approach with reference to experimental data},
  author={Heider, Yousef and Reiche, S{\"o}nke and Siebert, Philipp and Markert, Bernd},
  journal={Engineering Fracture Mechanics},
  volume={202},
  pages={116--134},
  year={2018},
  publisher={Elsevier}
}

@inproceedings{Sheng2012,
	author = {Sheng, Mao and Li, Gensheng and Shah, Subhash and Jin, Xiaochun},
	year = {2012},
	month = {01},
	pages = {},
	title = {Extended Finite Element Modeling of Multi-scale Flow in Fractured Shale Gas Reservoirs},
	volume = {5},
	isbn = {9781613992135},
	journal = {Proceedings - SPE Annual Technical Conference and Exhibition},
}

@Article{Civan2010,
	author="Civan, Faruk",
	title="Effective Correlation of Apparent Gas Permeability in Tight Porous Media",
	journal="Transport in Porous Media",
	year="2010",
	month="Mar",
	day="01",
	volume="82",
	number="2",
	pages="375--384",
	issn="1573-1634",
}